1690 3016
633 186 1009 231 «μαι-κω..
1416 190 1511 239 325

129 285 320 335 flciales
356 286 694 352 praesentium
733 287 912 352 vigore
947 289 1169 351 requisiti
1210 286 1420 341 fueritis,
1448 285 1516 334 ad

131 370 300 415 statim
330 377 378 414 et
410 370 459 413 in
484 367 761 414 continenti
790 365 858 414 ad
897 368 1069 416 locum
1095 367 1191 416 fori
1217 378 1514 415 consuetum

133 451 290 517 ipsius
322 458 523 502 vestrae
559 446 818 507 Civitatis,
856 448 940 498 ubi
991 448 1185 498 scilicet
1228 448 1353 497 alias
1397 464 1515 515 pro·

132 529 384 596 *mulgatio
452 544 539 577 seu
587 527 924 596 proclamatio
973 527 1300 596 recipiendae
1344 545 1514 577 novae
1579 541 1585 545 ·

135 611 507 672 monetaefleri
541 619 835 671 consuevit,
875 609 1156 672 accedere,
1226 622 1275 661 et
1322 627 1515 660 novam

135 704 363 744 nostram
402 705 694 756 monetam,
744 712 871 759 quae
923 697 1024 758 jam
1077 697 1129 743 in
1185 696 1421 763 proximo
1463 692 1516 740 in

135 771 273 822 dicta
321 773 536 823 Camera
569 787 740 825 nostra
769 777 1135 826 Cremniciensi
1180 773 1423 832 cudetur,
1462 782 1515 820 et

135 853 483 915 laborabitur,
520 869 721 906 servata
754 857 1118 908 consuetudine
1156 858 1207 906 in
1238 854 1421 905 talibus
1451 852 1517 902 ab

138 941 347 1002 antiquo
376 947 544 1001 tenta,
587 939 754 1006 palam
791 951 841 989 et
873 939 1139 990 manifeste
1179 935 1520 1007 proclamari,

136 1036 199 1069 ac
239 1021 554 1087 promulgari
594 1020 830 1071 faciendo
877 1038 1054 1072 omnes
1102 1023 1418 1088 emptiones,
1473 1015 1524 1065 et'

137 1099 498 1164 venditioneS,
552 1118 610 1151 ac
658 1106 907 1170 imprimis
964 1104 1267 1151 commercia
1312 1103 1364 1148 in
1411 1100 1524 1165 ipsa

139 1184 341 1230 civitate
388 1194 561 1232 vestra
610 1194 659 1231 et
694 1187 799 1247 ejus
842 1186 1161 1251 pertinentiis
1215 1197 1311 1248 per
1356 1183 1524 1247 ipsam

140 1278 327 1310 novam
362 1275 620 1313 monetam
654 1277 912 1323 nostram,
952 1275 1003 1313 et
1033 1280 1137 1313 non
1165 1266 1424 1331 priorem,
1461 1276 1523 1309 ac

139 1347 396 1408 antiquam
444 1348 495 1393 in
536 1357 682 1393 antea
716 1347 852 1405 fieri,
890 1361 1264 1409 exercereque,
1300 1355 1349 1392 et
1379 1358 1527 1410 pera-

141 1443 261 1493 gere
298 1424 424 1472 f'acia
404 1428 523 1483 tis,
562 1416 718 1474 immo
753 1429 916 1493 ipsam
953 1429 1211 1493 priorem,
1268 1441 1355 1474 seu
1403 1428 1529 1475 anti-

145 1522 295 1570 quam
336 1518 594 1576 monetam
629 1524 723 1574 per
765 1524 944 1556 omnes
978 1509 1320 1570 cuiuscunque
1355 1503 1531 1552 condi·

147 1589 298 1635 tionis
335 1587 566 1634 homines
598 1598 700 1636 tam
739 1603 1003 1636 extraneos
1024 1603 1223 1652 ‚quam
1256 1586 1527 1641 Formas,

146 1682 297 1731 quam
340 1667 490 1712 etiam
512 1667 559 1712 in
588 1670 696 1732 ipsa
728 1669 931 1714 civitate
950 1653 1120 1714 nostra
1137 1666 1555 1723 Cremniciensi,‘

145 1759 195 1794 et
228 1744 457 1809 ejusdem
491 1751 803 1812 pertinentiis
835 1746 1106 1814 praedictis
1139 1747 1355 1796 ubilibet
1391 1762 1531 1795 com·

151 1840 406 1877 morantes
447 1828 513 1877 ad
546 1830 862 1896 praedictam
896 1840 1119 1878 nostram
1142 1828 1410 1879 Cameram
1433 1844 1527 1896 pro

151 1913 551 1958 commutatione
606 1909 864 1958 talismodi
915 1925 1079 1959 novae
1136 1919 1374 1958 monetae
1434 1924 1530 1975 pro

149 1990 333 2040 eadem
366 2007 507 2039 more
539 2003 779 2040 consueto
819 1989 989 2039 fienda
1022 1991 1113 2040 sub
1142 1994 1322 2058 poenis
1351 2002 1400 2038 et
1423 2005 1534 2056 gra·

147 2059 437 2123 *faminibus
469 2074 656 2130 solitis,
694 2089 754 2121 ac
788 2073 851 2122 ab
882 2076 1087 2137 antiquo
1126 2075 1277 2121 tentis
1328 2083 1532 2120 nostrae

152 2155 439 2214 Maiestatis
480 2158 528 2202 in
567 2152 786 2203 Persona
833 2156 1096 2221 importari
1147 2151 1536 2202 committendO.

150 2235 306 2285 Secus
340 2251 439 2284 non
474 2233 669 2283 facturi.
742 2234 1098 2284 P:.-.=sentibus
1139 2236 1383 2301 perlectis
1438 2234 1536 2283 Ex-

149 2314 346 2364 hiben‘ti
412 2318 668 2364 restitutis.
756 2317 947 2366 Datum
1007 2314 1241 2364 Vie'nnae
1312 2313 1537 2364 Sabatho

150 2400 389 2463 proximo
415 2406 531 2464 post
567 2396 772 2444 Festum
795 2397 1122 2445 Ascensionis
1139 2397 1362 2444 Domini.
1383 2396 1537 2445 Anno

154 2475 383 2547 ejusdem
438 2488 583 2539 1453.
619 2476 784 2545 Regni
828 2488 999 2528 autem
1048 2481 1208 2528 nostri
1262 2493 1397 2528 anno
1444 2488 1539 2526 tre·

151 2556 398 2612 decimo.·

1195 2790 1321 2855 ¹⁸
