1690 3016
182 192 285 246 324
681 182 1051 230 ωωοεοοαῴο

180 291 398 357 gationis
428 283 628 336 fiendae
658 302 752 353 per
792 302 970 335 omnes
1002 282 1234 335 subditos
1274 297 1387 336 tuos
1437 288 1564 353 fieri,

181 387 230 421 et
274 388 544 430 exercere,
598 366 916 436 praedictam
961 369 1114 418 etiam
1169 374 1425 435 priorem,
1477 389 1563 421 seu

180 456 439 518 antiquam
479 462 735 499 monetam
765 448 831 499 ad
877 449 1118 499 Cametas
1164 454 1385 500 cusionis
1435 455 1565 518 ipsa·

180 551 292 583 rum
324 544 645 582 monetarum
681 541 986 593 nostrarum,
1027 547 1171 580 causa
1208 537 1564 581 commutatio·

179 621 256 666 nis
290 632 431 665 more
466 615 590 663 alias
621 625 896 672 consuet0‚
933 630 1025 681 per
1060 612 1269 663 eosdem
1303 626 1415 663 tuos
1452 614 1563 664 sub·
1605 600 1610 605 ⁸

182 697 315 757 ditos
344 698 609 764 importari
650 688 837 753 facias,
877 694 1195 761 protegendo
1228 696 1472 760 eosdem,
1495 688 1558 746 ‘si

179 795 422 832 necesse,
463 788 511 825 et
539 793 666 844 opus
696 775 876 837 fuerit,
932 774 1054 824 dum
1103 794 1200 843 per
1250 783 1420 845 ipsos,
1474 778 1563 827 vel

129 851 138 862 ⁶
178 863 401 925 aliquem
433 876 641 918 eorum,
679 861 944 923 requisitus
982 859 1170 919 fueris,
1223 861 1284 910 ab
1327 861 1560 909 omnibus

178 946 319 1009 ipsos
360 945 642 1008 impetere,
677 940 763 990 vel
809 939 1172 1004 quoquomodo
1222 942 1439 1003 turbare,
1478 954 1561 991 aust

179 1023 467 1092 impedire,
504 1022 665 1072 verbo
701 1023 788 1071 vel
812 1078 815 1081 ,
839 1021 971 1086 facto
1023 1021 1455 1072 machinantibus:
1510 1035 1560 1072 et
1608 1064 1615 1068 .

177 1106 319 1155 aliud
363 1122 455 1172 pro
497 1115 668 1152 nostra
698 1106 858 1170 gratia
899 1119 1002 1151 non
1031 1103 1268 1154 facturuS.
1324 1105 1561 1154 Prae-sen·
1636 1126 1644 1142 ⁹

173 1188 307 1236 tibus
350 1185 588 1252 perlectis
631 1200 836 1251 semper
867 1183 1137 1233 Exhibenti
1178 1188 1430 1234 restitutis.
1454 1186 1555 1234 Da-

175 1278 284 1316 tum
343 1266 573 1313 Viennae
634 1263 853 1312 Sabatho
907 1268 1143 1330 proximo
1197 1277 1311 1331 post
1371 1266 1556 1314 festum

175 1347 500 1395 Ascensionis
528 1336 768 1403 Domini,
807 1346 955 1393 Anno
974 1344 1201 1408 ejusdem
1227 1357 1370 1401 1453.
1388 1346 1550 1414 Regni

179 1440 348 1478 autem
377 1430 536 1477 nostri
567 1443 698 1476 anno
731 1424 1031 1477 tredecimo,

802 1621 893 1675 ΧῙ.

174 1789 243 1830 De
277 1786 434 1830 eadem
462 1793 643 1828 moneta
669 1797 776 1825 mox
803 1798 827 1824 a
867 1784 939 1824 die
982 1786 1357 1838 promulgationis
1399 1798 1550 1841 accep·

287 1857 427 1897 tanda
458 1858 572 1896 aliae
606 1855 805 1905 ejusdem
837 1855 971 1908 Regis
1011 1854 1189 1896 Literae
1232 1855 1390 1896 eodem
1430 1869 1551 1898 anno

281 1926 336 1967 ad
362 1926 484 1966 cives
504 1926 862 1966 Cremnicienses
895 1923 1040 1967 datae.

308 2077 414 2128 Nos
451 2078 749 2127 LAmsLAvs
782 2074 1073 2126 DeiGratia
1106 2085 1202 2124 etc.
1238 2076 1339 2140 (uti
1367 2079 1548 2141 supra)

173 2161 334 2210 Vobis
360 2158 622 2209 Fidelibus
653 2162 834 2207 nostris
876 2159 1254 2225 circumspectis
1279 2154 1467 2216 Judici,
1495 2170 1547 2208 et

172 2241 359 2293 Juratis
386 2241 591 2290 Civibus
636 2238 864 2289 Civitatis
897 2251 1101 2288 nostrae
1151 2237 1546 2288 Cremniciensis

171 2320 353 2373 harum
382 2326 515 2371 serie
547 2322 758 2369 firmiter
788 2322 1159 2386 praecipientes
1214 2317 1546 2380 mandamus,

174 2415 417 2467 quatenus
472 2401 592 2450 dum
633 2412 683 2450 et
732 2403 1107 2467 quamprimum
1167 2415 1260 2466 per
1313 2397 1551 2450 Fidelem-

174 2495 402 2534 nostrum
431 2485 762 2550 Magnificum
791 2480 1084 2531 Conradum
1110 2473 1356 2528 H'olczler
1385 2481 1556 2549 Magiq

176 2579 330 2615 strum
359 2566 621 2614 Hubarum
656 2566 877 2613 Ducatus
911 2565 1068 2609 nostri
1100 2558 1332 2608 Austriae
1377 2558 1548 2610 Comi·

174 2658 372 2709 temque
408 2647 738 2701 urburarum,
777 2660 835 2692 ac
879 2641 1093 2692 Camere
1124 2644 1340 2690 cusionis
1374 2659 1547 2691 mone-

174 2740 334 2779 tarum
368 2738 650 2776 nostrarum
685 2724 1153 2776 Cremnicensium.
1186 2732 1271 2775 aut
1318 2737 1434 2773 suos
1473 2721 1547 2774 of·
