<?xml version="1.0" encoding="UTF-8"?>
<!DOCTYPE html PUBLIC "-//W3C//DTD XHTML 1.0 Transitional//EN"
    "http://www.w3.org/TR/xhtml1/DTD/xhtml1-transitional.dtd">
<html xmlns="http://www.w3.org/1999/xhtml" xml:lang="en" lang="en">
 <head>
  <title>
</title>
<meta http-equiv="Content-Type" content="text/html;charset=utf-8" />
  <meta name='ocr-system' content='tesseract 3.04.00' />
  <meta name='ocr-capabilities' content='ocr_page ocr_carea ocr_par ocr_line ocrx_word'/>
</head>
<body>
  <div class='ocr_page' id='page_1' title='image "./catalogusnumorum03budauoft_0345.png"; bbox 0 0 1690 3016; ppageno 0'>
   <div class='ocr_carea' id='block_1_1' title="bbox 592 140 1558 219">
    <p class='ocr_par' dir='ltr' id='par_1_1' title="bbox 592 140 1558 219">
     <span class='ocr_line' id='line_1_1' title="bbox 592 140 1558 219; baseline -0.001 -12"><span class='ocrx_word' id='word_1_1' title='bbox 592 140 598 180; x_wconf 64' lang='lat'><strong>.&#39;</strong></span> <span class='ocrx_word' id='word_1_2' title='bbox 657 162 1038 207; x_wconf 51' lang='lat' dir='ltr'><strong>wem·-</strong></span> <span class='ocrx_word' id='word_1_3' title='bbox 1426 171 1524 219; x_wconf 68' lang='lat'><strong>34!</strong></span> <span class='ocrx_word' id='word_1_4' title='bbox 1548 206 1558 213; x_wconf 78' lang='grc'><em>,</em></span> 
     </span>
    </p>
   </div>
   <div class='ocr_carea' id='block_1_2' title="bbox 105 260 1535 2627">
    <p class='ocr_par' dir='ltr' id='par_1_2' title="bbox 105 260 1535 2627">
     <span class='ocr_line' id='line_1_2' title="bbox 147 260 1535 338; baseline -0.001 -17"><span class='ocrx_word' id='word_1_5' title='bbox 147 283 199 322; x_wconf 91' lang='lat' dir='ltr'><strong>et</strong></span> <span class='ocrx_word' id='word_1_6' title='bbox 237 260 1008 338; x_wconf 61' lang='lat' dir='ltr'><strong>circumspectorum‚&#39;-Judicis</strong></span> <span class='ocrx_word' id='word_1_7' title='bbox 1044 279 1093 318; x_wconf 90' lang='lat' dir='ltr'><strong>et</strong></span> <span class='ocrx_word' id='word_1_8' title='bbox 1122 267 1414 318; x_wconf 85' lang='lat' dir='ltr'><strong>Juratorum</strong></span> <span class='ocrx_word' id='word_1_9' title='bbox 1466 274 1535 319; x_wconf 90' lang='lat' dir='ltr'><strong>ci-</strong></span> 
     </span>
     <span class='ocr_line' id='line_1_3' title="bbox 146 349 1531 417; baseline -0.002 -14"><span class='ocrx_word' id='word_1_10' title='bbox 146 358 290 406; x_wconf 84' lang='lat' dir='ltr'><strong>vium</strong></span> <span class='ocrx_word' id='word_1_11' title='bbox 325 355 543 417; x_wconf 80' lang='lat' dir='ltr'><strong>civitatis</strong></span> <span class='ocrx_word' id='word_1_12' title='bbox 583 361 784 400; x_wconf 82' lang='lat' dir='ltr'><strong>nostrae</strong></span> <span class='ocrx_word' id='word_1_13' title='bbox 811 349 1202 398; x_wconf 86' lang='lat' dir='ltr'><strong>Cremniciensis</strong></span> <span class='ocrx_word' id='word_1_14' title='bbox 1224 388 1240 408; x_wconf 83' lang='grc'>,</span> <span class='ocrx_word' id='word_1_15' title='bbox 1278 360 1327 398; x_wconf 89' lang='lat' dir='ltr'><strong>et</strong></span> <span class='ocrx_word' id='word_1_16' title='bbox 1374 368 1437 399; x_wconf 84' lang='lat' dir='ltr'><strong>ex</strong></span> <span class='ocrx_word' id='word_1_17' title='bbox 1472 351 1531 400; x_wconf 92' lang='lat' dir='ltr'><strong>li-</strong></span> 
     </span>
     <span class='ocr_line' id='line_1_4' title="bbox 148 429 1535 499; baseline -0.004 -15"><span class='ocrx_word' id='word_1_18' title='bbox 148 438 267 484; x_wconf 82' lang='lat' dir='ltr'>teris</span> <span class='ocrx_word' id='word_1_19' title='bbox 308 435 622 483; x_wconf 77' lang='lat' dir='ltr'><strong>Serenissimi</strong></span> <span class='ocrx_word' id='word_1_20' title='bbox 653 429 914 497; x_wconf 86' lang='lat' dir='ltr'><strong>quondam</strong></span> <span class='ocrx_word' id='word_1_21' title='bbox 941 431 1188 499; x_wconf 86' lang='lat' dir='ltr'><strong>Principis</strong></span> <span class='ocrx_word' id='word_1_22' title='bbox 1203 432 1410 481; x_wconf 85' lang='lat' dir='ltr'>Domini</span> <span class='ocrx_word' id='word_1_23' title='bbox 1429 433 1535 480; x_wconf 86' lang='lat' dir='ltr'><strong>Lv-</strong></span> 
     </span>
     <span class='ocr_line' id='line_1_5' title="bbox 120 500 1531 583; baseline -0.003 -17"><span class='ocrx_word' id='word_1_24' title='bbox 120 500 330 583; x_wconf 60' lang='grc' dir='ltr'><strong>Ιυοῦιοι</strong></span> <span class='ocrx_word' id='word_1_25' title='bbox 363 516 519 583; x_wconf 86' lang='lat' dir='ltr'><strong>Regis</strong></span> <span class='ocrx_word' id='word_1_26' title='bbox 550 516 770 573; x_wconf 79' lang='lat' dir='ltr'><strong>sororii,</strong></span> <span class='ocrx_word' id='word_1_27' title='bbox 818 525 869 563; x_wconf 90' lang='lat' dir='ltr'><strong>et</strong></span> <span class='ocrx_word' id='word_1_28' title='bbox 909 511 1320 581; x_wconf 80' lang='lat' dir='ltr'>praedecessoris</span> <span class='ocrx_word' id='word_1_29' title='bbox 1369 516 1531 563; x_wconf 83' lang='lat' dir='ltr'>nostri</span> 
     </span>
     <span class='ocr_line' id='line_1_6' title="bbox 149 592 1530 663; baseline -0.001 -16"><span class='ocrx_word' id='word_1_30' title='bbox 149 609 249 648; x_wconf 87' lang='lat' dir='ltr'><strong>etc.</strong></span> <span class='ocrx_word' id='word_1_31' title='bbox 287 592 457 647; x_wconf 83' lang='lat' dir='ltr'><strong>f&#39;elicis’</strong></span> <span class='ocrx_word' id='word_1_32' title='bbox 479 601 794 659; x_wconf 81' lang='lat' dir='ltr'><strong>memoriae,</strong></span> <span class='ocrx_word' id='word_1_33' title='bbox 850 597 1198 663; x_wconf 83' lang='lat' dir='ltr'>intelligamus</span> <span class='ocrx_word' id='word_1_34' title='bbox 1246 595 1379 645; x_wconf 90' lang='lat' dir='ltr'><strong>hanc</strong></span> <span class='ocrx_word' id='word_1_35' title='bbox 1420 615 1530 648; x_wconf 84' lang='lat' dir='ltr'><strong>esse</strong></span> 
     </span>
     <span class='ocr_line' id='line_1_7' title="bbox 146 677 1531 748; baseline 0 -20"><span class='ocrx_word' id='word_1_36' title='bbox 146 684 564 748; x_wconf 87' lang='lat' dir='ltr'><strong>praerogativam</strong></span> <span class='ocrx_word' id='word_1_37' title='bbox 599 677 830 745; x_wconf 85' lang='lat' dir='ltr'><strong>ejusdem</strong></span> <span class='ocrx_word' id='word_1_38' title='bbox 863 681 1079 727; x_wconf 80' lang='lat' dir='ltr'><strong>civitatis</strong></span> <span class='ocrx_word' id='word_1_39' title='bbox 1123 690 1325 728; x_wconf 84' lang='lat' dir='ltr'><strong>nostrae</strong></span> <span class='ocrx_word' id='word_1_40' title='bbox 1356 679 1531 729; x_wconf 88' lang='lat' dir='ltr'><strong>Crem-</strong></span> 
     </span>
     <span class='ocr_line' id='line_1_8' title="bbox 141 759 1529 828; baseline -0.001 -17"><span class='ocrx_word' id='word_1_41' title='bbox 141 765 412 820; x_wconf 83' lang='lat' dir='ltr'><strong>niciensis‚</strong></span> <span class='ocrx_word' id='word_1_42' title='bbox 450 768 481 811; x_wconf 76' lang='lat' dir='ltr'><strong>a‘</strong></span> <span class='ocrx_word' id='word_1_43' title='bbox 513 760 643 812; x_wconf 86' lang='lat' dir='ltr'><strong>divis</strong></span> <span class='ocrx_word' id='word_1_44' title='bbox 691 760 951 827; x_wconf 82' lang='lat' dir='ltr'>Regibus,</span> <span class='ocrx_word' id='word_1_45' title='bbox 1002 764 1186 810; x_wconf 89' lang='lat' dir='ltr'><strong>nostris</strong></span> <span class='ocrx_word' id='word_1_46' title='bbox 1225 759 1529 828; x_wconf 84' lang='lat' dir='ltr'><strong>praedeces-</strong></span> 
     </span>
     <span class='ocr_line' id='line_1_9' title="bbox 142 840 1527 906; baseline 0 -15"><span class='ocrx_word' id='word_1_47' title='bbox 142 842 343 892; x_wconf 84' lang='lat' dir='ltr'><strong>soribus</strong></span> <span class='ocrx_word' id='word_1_48' title='bbox 365 885 380 905; x_wconf 83' lang='lat'>,</span> <span class='ocrx_word' id='word_1_49' title='bbox 418 844 518 892; x_wconf 88' lang='lat' dir='ltr'><strong>illis</strong></span> <span class='ocrx_word' id='word_1_50' title='bbox 549 846 860 899; x_wconf 68' lang='lat' dir='ltr'><strong>concessam,</strong></span> <span class='ocrx_word' id='word_1_51' title='bbox 881 853 930 891; x_wconf 92' lang='lat' dir='ltr'><strong>et</strong></span> <span class='ocrx_word' id='word_1_52' title='bbox 958 845 1008 890; x_wconf 93' lang='lat' dir='ltr'><strong>in</strong></span> <span class='ocrx_word' id='word_1_53' title='bbox 1040 841 1175 890; x_wconf 88' lang='lat' dir='ltr'><strong>hunc</strong></span> <span class='ocrx_word' id='word_1_54' title='bbox 1196 847 1355 906; x_wconf 86' lang='lat' dir='ltr'><strong>us&#39;que</strong></span> <span class='ocrx_word' id='word_1_55' title='bbox 1386 840 1527 891; x_wconf 89' lang='lat' dir='ltr'><strong>diem</strong></span> 
     </span>
     <span class='ocr_line' id='line_1_10' title="bbox 105 923 1524 990; baseline 0.001 -18"><span class='ocrx_word' id='word_1_56' title='bbox 105 945 119 958; x_wconf 89' lang='lat'><em>·</em></span> <span class='ocrx_word' id='word_1_57' title='bbox 142 923 468 974; x_wconf 80' lang='lat' dir='ltr'>observatam</span> <span class='ocrx_word' id='word_1_58' title='bbox 490 963 505 985; x_wconf 88' lang='lat'>‚</span> <span class='ocrx_word' id='word_1_59' title='bbox 542 937 596 975; x_wconf 90' lang='lat' dir='ltr'><strong>ut</strong></span> <span class='ocrx_word' id='word_1_60' title='bbox 620 926 867 975; x_wconf 86' lang='lat' dir='ltr'><strong>Monetae</strong></span> <span class='ocrx_word' id='word_1_61' title='bbox 896 933 1100 972; x_wconf 90' lang='lat' dir='ltr'><strong>nostrae</strong></span> <span class='ocrx_word' id='word_1_62' title='bbox 1137 923 1360 990; x_wconf 87' lang='lat' dir='ltr'><strong>Regales</strong></span> <span class='ocrx_word' id='word_1_63' title='bbox 1419 940 1524 973; x_wconf 90' lang='lat' dir='ltr'><strong>non</strong></span> 
     </span>
     <span class='ocr_line' id='line_1_11' title="bbox 140 1003 1528 1072; baseline -0.001 -17"><span class='ocrx_word' id='word_1_64' title='bbox 140 1009 191 1056; x_wconf 87' lang='lat' dir='ltr'><strong>in</strong></span> <span class='ocrx_word' id='word_1_65' title='bbox 221 1006 334 1055; x_wconf 85' lang='lat' dir='ltr'><strong>aliis</strong></span> <span class='ocrx_word' id='word_1_66' title='bbox 366 1009 655 1058; x_wconf 70' lang='lat' dir='ltr'><strong>civitatibus</strong></span> <span class='ocrx_word' id='word_1_67' title='bbox 685 1009 874 1056; x_wconf 85' lang='lat' dir='ltr'><strong>nostris</strong></span> <span class='ocrx_word' id='word_1_68' title='bbox 890 1007 1145 1055; x_wconf 83' lang='lat' dir='ltr'><strong>montanis</strong></span> <span class='ocrx_word' id='word_1_69' title='bbox 1165 1043 1180 1067; x_wconf 83' lang='lat'>‚</span> <span class='ocrx_word' id='word_1_70' title='bbox 1218 1003 1313 1054; x_wconf 89' lang='lat' dir='ltr'><strong>sed</strong></span> <span class='ocrx_word' id='word_1_71' title='bbox 1340 1008 1391 1054; x_wconf 91' lang='lat' dir='ltr'><strong>in</strong></span> <span class='ocrx_word' id='word_1_72' title='bbox 1415 1008 1528 1072; x_wconf 84' lang='lat' dir='ltr'><strong>ipsa</strong></span> 
     </span>
     <span class='ocr_line' id='line_1_12' title="bbox 140 1085 1526 1147; baseline -0.001 -11"><span class='ocrx_word' id='word_1_73' title='bbox 140 1091 350 1138; x_wconf 88' lang='lat' dir='ltr'><strong>civitate</strong></span> <span class='ocrx_word' id='word_1_74' title='bbox 391 1100 563 1140; x_wconf 85' lang='lat' dir='ltr'><strong>nostra</strong></span> <span class='ocrx_word' id='word_1_75' title='bbox 598 1089 966 1140; x_wconf 71' lang='lat' dir='ltr'><strong>Cremniciensi</strong></span> <span class='ocrx_word' id='word_1_76' title='bbox 1005 1086 1284 1147; x_wconf 71' lang='lat' dir='ltr'><strong>elidantur,</strong></span> <span class='ocrx_word' id='word_1_77' title='bbox 1321 1099 1373 1135; x_wconf 92' lang='lat' dir='ltr'><strong>et</strong></span> <span class='ocrx_word' id='word_1_78' title='bbox 1394 1085 1526 1136; x_wconf 78' lang='lat' dir='ltr'><strong>hane</strong></span> 
     </span>
     <span class='ocr_line' id='line_1_13' title="bbox 136 1169 1525 1239; baseline -0.001 -21"><span class='ocrx_word' id='word_1_79' title='bbox 136 1169 357 1219; x_wconf 82' lang='lat' dir='ltr'><strong>eandem</strong></span> <span class='ocrx_word' id='word_1_80' title='bbox 384 1175 793 1239; x_wconf 86' lang='lat' dir='ltr'><strong>praerogativam</strong></span> <span class='ocrx_word' id='word_1_81' title='bbox 828 1171 895 1220; x_wconf 93' lang='lat' dir='ltr'><strong>ob</strong></span> <span class='ocrx_word' id='word_1_82' title='bbox 935 1187 1049 1219; x_wconf 87' lang='lat' dir='ltr'><strong>eam</strong></span> <span class='ocrx_word' id='word_1_83' title='bbox 1075 1172 1296 1218; x_wconf 84' lang='lat' dir='ltr'><strong>maxime</strong></span> <span class='ocrx_word' id='word_1_84' title='bbox 1318 1184 1525 1217; x_wconf 89' lang='lat' dir='ltr'><strong>causam</strong></span> 
     </span>
     <span class='ocr_line' id='line_1_14' title="bbox 116 1245 1521 1312; baseline -0.001 -13"><span class='ocrx_word' id='word_1_85' title='bbox 116 1245 308 1299; x_wconf 50' lang='lat' dir='ltr'><strong>&#39;eidem</strong></span> <span class='ocrx_word' id='word_1_86' title='bbox 342 1255 530 1301; x_wconf 84' lang='lat' dir='ltr'><strong>civitati</strong></span> <span class='ocrx_word' id='word_1_87' title='bbox 569 1264 770 1302; x_wconf 85' lang='lat' dir='ltr'><strong>nostrae</strong></span> <span class='ocrx_word' id='word_1_88' title='bbox 803 1251 1168 1301; x_wconf 86' lang='lat' dir='ltr'><strong>Cremniciensi</strong></span> <span class='ocrx_word' id='word_1_89' title='bbox 1189 1267 1299 1299; x_wconf 80' lang='lat' dir='ltr'><strong>esse</strong></span> <span class='ocrx_word' id='word_1_90' title='bbox 1328 1248 1521 1312; x_wconf 84' lang='lat' dir='ltr'><strong>datam,</strong></span> 
     </span>
     <span class='ocr_line' id='line_1_15' title="bbox 135 1318 1524 1398; baseline -0.001 -16"><span class='ocrx_word' id='word_1_91' title='bbox 135 1343 218 1393; x_wconf 83' lang='lat' dir='ltr'><strong>ut,</strong></span> <span class='ocrx_word' id='word_1_92' title='bbox 257 1318 695 1398; x_wconf 76' lang='lat' dir='ltr'><strong>quemadmodum</strong></span> <span class='ocrx_word' id='word_1_93' title='bbox 738 1351 796 1384; x_wconf 91' lang='lat' dir='ltr'><strong>ea</strong></span> <span class='ocrx_word' id='word_1_94' title='bbox 831 1345 904 1385; x_wconf 79' lang='lat' dir='ltr'><strong>est</strong></span> <span class='ocrx_word' id='word_1_95' title='bbox 949 1337 1080 1382; x_wconf 91' lang='lat' dir='ltr'><strong>inter</strong></span> <span class='ocrx_word' id='word_1_96' title='bbox 1118 1334 1246 1382; x_wconf 86' lang='lat' dir='ltr'><strong>alias</strong></span> <span class='ocrx_word' id='word_1_97' title='bbox 1291 1335 1524 1381; x_wconf 78' lang='lat' dir='ltr'><strong>civitates</strong></span> 
     </span>
     <span class='ocr_line' id='line_1_16' title="bbox 135 1417 1526 1482; baseline 0.001 -20"><span class='ocrx_word' id='word_1_98' title='bbox 135 1426 404 1464; x_wconf 86' lang='lat' dir='ltr'><strong>montanas</strong></span> <span class='ocrx_word' id='word_1_99' title='bbox 434 1419 709 1482; x_wconf 83' lang='lat' dir='ltr'><strong>primaria,</strong></span> <span class='ocrx_word' id='word_1_100' title='bbox 747 1432 806 1465; x_wconf 90' lang='lat' dir='ltr'><strong>ac</strong></span> <span class='ocrx_word' id='word_1_101' title='bbox 834 1419 997 1482; x_wconf 87' lang='lat' dir='ltr'><strong>magis</strong></span> <span class='ocrx_word' id='word_1_102' title='bbox 1026 1417 1256 1481; x_wconf 81' lang='lat' dir='ltr'><strong>insigni-s,</strong></span> <span class='ocrx_word' id='word_1_103' title='bbox 1273 1417 1341 1463; x_wconf 88' lang='lat' dir='ltr'><strong>ita</strong></span> <span class='ocrx_word' id='word_1_104' title='bbox 1372 1418 1526 1464; x_wconf 86' lang='lat' dir='ltr'><strong>etiam</strong></span> 
     </span>
     <span class='ocr_line' id='line_1_17' title="bbox 137 1494 1524 1563; baseline 0 -19"><span class='ocrx_word' id='word_1_105' title='bbox 137 1494 235 1544; x_wconf 90' lang='lat' dir='ltr'><strong>hoc</strong></span> <span class='ocrx_word' id='word_1_106' title='bbox 266 1497 540 1563; x_wconf 88' lang='lat' dir='ltr'><strong>privilegio</strong></span> <span class='ocrx_word' id='word_1_107' title='bbox 575 1500 795 1547; x_wconf 85' lang='lat' dir='ltr'><strong>cusionis</strong></span> <span class='ocrx_word' id='word_1_108' title='bbox 832 1508 1068 1546; x_wconf 87' lang='lat' dir='ltr'><strong>monetae</strong></span> <span class='ocrx_word' id='word_1_109' title='bbox 1113 1497 1276 1562; x_wconf 87' lang='lat' dir='ltr'><strong>Regio</strong></span> <span class='ocrx_word' id='word_1_110' title='bbox 1324 1507 1524 1545; x_wconf 71' lang='lat' dir='ltr'><strong>ceteras</strong></span> 
     </span>
     <span class='ocr_line' id='line_1_18' title="bbox 136 1576 1522 1646; baseline 0.001 -22"><span class='ocrx_word' id='word_1_111' title='bbox 136 1577 430 1628; x_wconf 80' lang='lat' dir='ltr'><strong>excelleret.</strong></span> <span class='ocrx_word' id='word_1_112' title='bbox 505 1576 659 1637; x_wconf 85' lang='lat' dir='ltr'><strong>Quod</strong></span> <span class='ocrx_word' id='word_1_113' title='bbox 699 1579 1026 1646; x_wconf 89' lang='lat' dir='ltr'><strong>privilegium</strong></span> <span class='ocrx_word' id='word_1_114' title='bbox 1058 1576 1353 1646; x_wconf 80' lang='lat' dir='ltr'><strong>praedictae</strong></span> <span class='ocrx_word' id='word_1_115' title='bbox 1400 1581 1522 1626; x_wconf 88' lang='lat' dir='ltr'><strong>civi·</strong></span> 
     </span>
     <span class='ocr_line' id='line_1_19' title="bbox 138 1657 1520 1726; baseline -0.001 -18"><span class='ocrx_word' id='word_1_116' title='bbox 138 1663 253 1708; x_wconf 75' lang='lat' dir='ltr'><strong>tatis</strong></span> <span class='ocrx_word' id='word_1_117' title='bbox 290 1676 443 1726; x_wconf 86' lang='lat' dir='ltr'><strong>super</strong></span> <span class='ocrx_word' id='word_1_118' title='bbox 471 1657 631 1718; x_wconf 80' lang='lat' dir='ltr'><strong>sede,</strong></span> <span class='ocrx_word' id='word_1_119' title='bbox 669 1671 716 1708; x_wconf 89' lang='lat' dir='ltr'><strong>et</strong></span> <span class='ocrx_word' id='word_1_120' title='bbox 762 1661 878 1708; x_wconf 84' lang='lat' dir='ltr'><strong>loco</strong></span> <span class='ocrx_word' id='word_1_121' title='bbox 936 1664 1156 1709; x_wconf 85' lang='lat' dir='ltr'><strong>cusionis</strong></span> <span class='ocrx_word' id='word_1_122' title='bbox 1208 1663 1520 1708; x_wconf 83' lang='lat' dir='ltr'><strong>monetariae</strong></span> 
     </span>
     <span class='ocr_line' id='line_1_20' title="bbox 135 1739 1519 1805; baseline 0 -15"><span class='ocrx_word' id='word_1_123' title='bbox 135 1740 244 1790; x_wconf 84' lang='lat' dir='ltr'><strong>Nos</strong></span> <span class='ocrx_word' id='word_1_124' title='bbox 275 1756 475 1805; x_wconf 90' lang='lat' dir='ltr'><strong>quoque</strong></span> <span class='ocrx_word' id='word_1_125' title='bbox 507 1750 670 1788; x_wconf 87' lang='lat' dir='ltr'><strong>ratum</strong></span> <span class='ocrx_word' id='word_1_126' title='bbox 695 1739 939 1790; x_wconf 83' lang='lat' dir='ltr'><strong>habentes</strong></span> <span class='ocrx_word' id='word_1_127' title='bbox 960 1779 975 1801; x_wconf 81' lang='grc'>,</span> <span class='ocrx_word' id='word_1_128' title='bbox 1012 1739 1343 1791; x_wconf 87' lang='lat' dir='ltr'><strong>annuendum</strong></span> <span class='ocrx_word' id='word_1_129' title='bbox 1375 1740 1519 1790; x_wconf 84' lang='lat' dir='ltr'><strong>duxi-</strong></span> 
     </span>
     <span class='ocr_line' id='line_1_21' title="bbox 133 1819 1522 1881; baseline -0.001 -9"><span class='ocrx_word' id='word_1_130' title='bbox 133 1838 277 1879; x_wconf 80' lang='lat' dir='ltr'><strong>mus,</strong></span> <span class='ocrx_word' id='word_1_131' title='bbox 313 1832 367 1870; x_wconf 82' lang='lat' dir='ltr'><strong>et</strong></span> <span class='ocrx_word' id='word_1_132' title='bbox 401 1819 790 1870; x_wconf 83' lang='lat' dir='ltr'><strong>concedendum</strong></span> <span class='ocrx_word' id='word_1_133' title='bbox 814 1859 829 1881; x_wconf 81' lang='lat'>‚</span> <span class='ocrx_word' id='word_1_134' title='bbox 865 1834 920 1873; x_wconf 88' lang='lat' dir='ltr'><strong>ut</strong></span> <span class='ocrx_word' id='word_1_135' title='bbox 954 1826 1098 1874; x_wconf 86' lang='lat' dir='ltr'><strong>sicuti</strong></span> <span class='ocrx_word' id='word_1_136' title='bbox 1130 1821 1375 1871; x_wconf 86' lang='lat' dir='ltr'><strong>hactenus</strong></span> <span class='ocrx_word' id='word_1_137' title='bbox 1397 1858 1412 1881; x_wconf 91' lang='lat'>,</span> <span class='ocrx_word' id='word_1_138' title='bbox 1448 1827 1522 1878; x_wconf 65' lang='lat' dir='ltr'><strong>itav</strong></span> 
     </span>
     <span class='ocr_line' id='line_1_22' title="bbox 136 1902 1516 1970; baseline -0.001 -16"><span class='ocrx_word' id='word_1_139' title='bbox 136 1908 289 1954; x_wconf 86' lang='lat' dir='ltr'><strong>etiam</strong></span> <span class='ocrx_word' id='word_1_140' title='bbox 323 1907 373 1952; x_wconf 86' lang='lat' dir='ltr'><strong>iu</strong></span> <span class='ocrx_word' id='word_1_141' title='bbox 410 1905 678 1970; x_wconf 75' lang='lat' dir='ltr'><strong>&#39;posterum</strong></span> <span class='ocrx_word' id='word_1_142' title='bbox 721 1915 960 1955; x_wconf 85' lang='lat' dir='ltr'><strong>monetae</strong></span> <span class='ocrx_word' id='word_1_143' title='bbox 1013 1916 1215 1954; x_wconf 86' lang='lat' dir='ltr'><strong>nostrae</strong></span> <span class='ocrx_word' id='word_1_144' title='bbox 1259 1902 1516 1953; x_wconf 82' lang='lat' dir='ltr'><strong>ordinarie</strong></span> 
     </span>
     <span class='ocr_line' id='line_1_23' title="bbox 130 1984 1517 2048; baseline 0 -13"><span class='ocrx_word' id='word_1_145' title='bbox 130 2002 234 2035; x_wconf 90' lang='lat' dir='ltr'><strong>non</strong></span> <span class='ocrx_word' id='word_1_146' title='bbox 267 1988 314 2034; x_wconf 88' lang='lat' dir='ltr'><strong>in</strong></span> <span class='ocrx_word' id='word_1_147' title='bbox 347 1985 456 2033; x_wconf 84' lang='lat' dir='ltr'><strong>aliis</strong></span> <span class='ocrx_word' id='word_1_148' title='bbox 493 1985 778 2034; x_wconf 83' lang='lat' dir='ltr'><strong>civitatibus</strong></span> <span class='ocrx_word' id='word_1_149' title='bbox 816 1990 999 2036; x_wconf 84' lang='lat' dir='ltr'><strong>nostris</strong></span> <span class='ocrx_word' id='word_1_150' title='bbox 1035 1990 1312 2048; x_wconf 80' lang='lat' dir='ltr'><strong>montanis,</strong></span> <span class='ocrx_word' id='word_1_151' title='bbox 1344 1984 1435 2035; x_wconf 88' lang='lat' dir='ltr'><strong>sed</strong></span> <span class='ocrx_word' id='word_1_152' title='bbox 1464 1988 1517 2035; x_wconf 88' lang='lat' dir='ltr'><strong>in</strong></span> 
     </span>
     <span class='ocr_line' id='line_1_24' title="bbox 128 2066 1517 2133; baseline 0.002 -17"><span class='ocrx_word' id='word_1_153' title='bbox 128 2068 244 2133; x_wconf 85' lang='lat' dir='ltr'><strong>ipsa</strong></span> <span class='ocrx_word' id='word_1_154' title='bbox 282 2068 489 2115; x_wconf 85' lang='lat' dir='ltr'><strong>civitate</strong></span> <span class='ocrx_word' id='word_1_155' title='bbox 536 2076 710 2114; x_wconf 89' lang='lat' dir='ltr'><strong>nostra</strong></span> <span class='ocrx_word' id='word_1_156' title='bbox 749 2066 1115 2117; x_wconf 87' lang='lat' dir='ltr'><strong>Cremniciensi</strong></span> <span class='ocrx_word' id='word_1_157' title='bbox 1155 2067 1423 2131; x_wconf 80' lang='lat' dir='ltr'><strong>cudantur‚</strong></span> <span class='ocrx_word' id='word_1_158' title='bbox 1466 2079 1517 2119; x_wconf 86' lang='lat' dir='ltr'><strong>et</strong></span> 
     </span>
     <span class='ocr_line' id='line_1_25' title="bbox 129 2148 1515 2214; baseline 0 -15"><span class='ocrx_word' id='word_1_159' title='bbox 129 2148 346 2214; x_wconf 80' lang='lat' dir='ltr'><strong>Camera</strong></span> <span class='ocrx_word' id='word_1_160' title='bbox 383 2158 552 2196; x_wconf 84' lang='lat' dir='ltr'><strong>nostra</strong></span> <span class='ocrx_word' id='word_1_161' title='bbox 582 2153 863 2198; x_wconf 87' lang='lat' dir='ltr'><strong>monetaria</strong></span> <span class='ocrx_word' id='word_1_162' title='bbox 894 2151 999 2199; x_wconf 92' lang='lat' dir='ltr'><strong>illic</strong></span> <span class='ocrx_word' id='word_1_163' title='bbox 1034 2149 1308 2214; x_wconf 82' lang='lat' dir='ltr'><strong>habeatur,</strong></span> <span class='ocrx_word' id='word_1_164' title='bbox 1360 2150 1515 2199; x_wconf 82' lang='lat' dir='ltr'><strong>salvis</strong></span> 
     </span>
     <span class='ocr_line' id='line_1_26' title="bbox 130 2231 1511 2297; baseline -0.001 -16"><span class='ocrx_word' id='word_1_165' title='bbox 130 2231 343 2281; x_wconf 86' lang='lat' dir='ltr'><strong>aliarum</strong></span> <span class='ocrx_word' id='word_1_166' title='bbox 397 2233 656 2281; x_wconf 83' lang='lat' dir='ltr'><strong>civitatum</strong></span> <span class='ocrx_word' id='word_1_167' title='bbox 713 2242 997 2280; x_wconf 78' lang='lat' dir='ltr'><strong>nostrarum</strong></span> <span class='ocrx_word' id='word_1_168' title='bbox 1059 2232 1271 2297; x_wconf 73' lang='lat' dir='ltr'><strong>jurib&#39;uS.</strong></span> <span class='ocrx_word' id='word_1_169' title='bbox 1344 2232 1511 2279; x_wconf 89' lang='lat' dir='ltr'><strong>Immo</strong></span> 
     </span>
     <span class='ocr_line' id='line_1_27' title="bbox 125 2300 1513 2371; baseline 0 -9"><span class='ocrx_word' id='word_1_170' title='bbox 125 2315 422 2371; x_wconf 83' lang='lat' dir='ltr'><strong>annuimus,</strong></span> <span class='ocrx_word' id='word_1_171' title='bbox 494 2300 1047 2362; x_wconf 69' lang='lat' dir='ltr'><strong>concedimus&#39;harum</strong></span> <span class='ocrx_word' id='word_1_172' title='bbox 1097 2324 1387 2361; x_wconf 86' lang='lat' dir='ltr'><strong>nostrarum</strong></span> <span class='ocrx_word' id='word_1_173' title='bbox 1437 2315 1513 2362; x_wconf 88' lang='lat' dir='ltr'><strong>vi·</strong></span> 
     </span>
     <span class='ocr_line' id='line_1_28' title="bbox 124 2393 1510 2461; baseline 0.003 -20"><span class='ocrx_word' id='word_1_174' title='bbox 124 2410 279 2461; x_wconf 87' lang='lat' dir='ltr'><strong>gore,</strong></span> <span class='ocrx_word' id='word_1_175' title='bbox 317 2406 367 2444; x_wconf 88' lang='lat' dir='ltr'><strong>et</strong></span> <span class='ocrx_word' id='word_1_176' title='bbox 408 2398 698 2442; x_wconf 88' lang='lat' dir='ltr'><strong>testimonio</strong></span> <span class='ocrx_word' id='word_1_177' title='bbox 719 2395 981 2444; x_wconf 88' lang='lat' dir='ltr'><strong>literarum</strong></span> <span class='ocrx_word' id='word_1_178' title='bbox 1007 2393 1288 2445; x_wconf 87' lang='lat' dir='ltr'><strong>mediante.</strong></span> <span class='ocrx_word' id='word_1_179' title='bbox 1320 2394 1510 2445; x_wconf 87' lang='lat' dir='ltr'><strong>Datum</strong></span> 
     </span>
     <span class='ocr_line' id='line_1_29' title="bbox 129 2475 1510 2546; baseline 0.002 -22"><span class='ocrx_word' id='word_1_180' title='bbox 129 2477 369 2543; x_wconf 80' lang='lat' dir='ltr'><strong>strigonii</strong></span> <span class='ocrx_word' id='word_1_181' title='bbox 411 2476 538 2524; x_wconf 77' lang='lat' dir='ltr'><strong>seria</strong></span> <span class='ocrx_word' id='word_1_182' title='bbox 588 2475 812 2525; x_wconf 79' lang='lat' dir='ltr'><strong>secunda</strong></span> <span class='ocrx_word' id='word_1_183' title='bbox 865 2481 1100 2546; x_wconf 86' lang='lat' dir='ltr'><strong>proxima</strong></span> <span class='ocrx_word' id='word_1_184' title='bbox 1159 2489 1277 2546; x_wconf 85' lang='lat' dir='ltr'><strong>post</strong></span> <span class='ocrx_word' id='word_1_185' title='bbox 1325 2477 1510 2527; x_wconf 86' lang='lat' dir='ltr'><strong>festum</strong></span> 
     </span>
     <span class='ocr_line' id='line_1_30' title="bbox 125 2557 1511 2627; baseline -0.001 -18"><span class='ocrx_word' id='word_1_186' title='bbox 125 2559 272 2609; x_wconf 87' lang='lat' dir='ltr'><strong>Beati</strong></span> <span class='ocrx_word' id='word_1_187' title='bbox 304 2557 544 2622; x_wconf 86' lang='lat' dir='ltr'><strong>Thomae</strong></span> <span class='ocrx_word' id='word_1_188' title='bbox 576 2559 848 2627; x_wconf 87' lang='lat' dir='ltr'><strong>Apostoli,</strong></span> <span class='ocrx_word' id='word_1_189' title='bbox 899 2559 1051 2610; x_wconf 88' lang='lat' dir='ltr'><strong>Anno</strong></span> <span class='ocrx_word' id='word_1_190' title='bbox 1094 2560 1305 2610; x_wconf 87' lang='lat' dir='ltr'><strong>Domini</strong></span> <span class='ocrx_word' id='word_1_191' title='bbox 1336 2560 1511 2609; x_wconf 83' lang='lat' dir='ltr'><strong>Mille·</strong></span> 
     </span>
    </p>
   </div>
   <div class='ocr_carea' id='block_1_3' title="bbox 103 2641 1562 2795">
    <p class='ocr_par' dir='ltr' id='par_1_3' title="bbox 103 2641 1562 2795">
     <span class='ocr_line' id='line_1_31' title="bbox 124 2641 1562 2711; baseline 0.002 -20"><span class='ocrx_word' id='word_1_192' title='bbox 124 2644 252 2692; x_wconf 73' lang='lat' dir='ltr'><strong>simo</strong></span> <span class='ocrx_word' id='word_1_193' title='bbox 308 2642 729 2708; x_wconf 81' lang='lat' dir='ltr'><strong>Quingentesimo</strong></span> <span class='ocrx_word' id='word_1_194' title='bbox 790 2645 1037 2709; x_wconf 84' lang='lat' dir='ltr'><strong>vigesimo</strong></span> <span class='ocrx_word' id='word_1_195' title='bbox 1078 2646 1316 2711; x_wconf 75' lang='lat' dir='ltr'><strong>septimo,</strong></span> <span class='ocrx_word' id='word_1_196' title='bbox 1399 2641 1507 2694; x_wconf 82' lang='lat' dir='ltr'><strong>Nos</strong></span> <span class='ocrx_word' id='word_1_197' title='bbox 1553 2663 1562 2669; x_wconf 71' lang='grc'><strong>’</strong></span> 
     </span>
     <span class='ocr_line' id='line_1_32' title="bbox 103 2718 1519 2795; baseline 0.004 -23"><span class='ocrx_word' id='word_1_198' title='bbox 103 2718 684 2791; x_wconf 57' lang='grc' dir='ltr'><strong>Υὶείηιι·ἐιιρρὶίεειιῐίοησε</strong></span> <span class='ocrx_word' id='word_1_199' title='bbox 718 2741 813 2793; x_wconf 90' lang='lat' dir='ltr'><strong>pro</strong></span> <span class='ocrx_word' id='word_1_200' title='bbox 847 2736 992 2795; x_wconf 85' lang='lat' dir='ltr'><strong>parte</strong></span> <span class='ocrx_word' id='word_1_201' title='bbox 1041 2724 1389 2795; x_wconf 86' lang='lat' dir='ltr'><strong>praefatorum</strong></span> <span class='ocrx_word' id='word_1_202' title='bbox 1437 2730 1519 2777; x_wconf 85' lang='lat' dir='ltr'><strong>ci·-</strong></span> 
     </span>
    </p>
   </div>
   <div class='ocr_carea' id='block_1_4' title="bbox 1140 2807 1256 2871">
    <p class='ocr_par' dir='ltr' id='par_1_4' title="bbox 1140 2807 1256 2871">
     <span class='ocr_line' id='line_1_33' title="bbox 1140 2807 1256 2871; baseline 0 0"><span class='ocrx_word' id='word_1_203' title='bbox 1140 2807 1256 2871; x_wconf 78' lang='lat' dir='ltr'><strong>Ya</strong></span> 
     </span>
    </p>
   </div>
   <div class='ocr_carea' id='block_1_5' title="bbox 1651 1492 1677 1504">
    <p class='ocr_par' dir='ltr' id='par_1_5' title="bbox 1651 1492 1677 1504">
     <span class='ocr_line' id='line_1_34' title="bbox 1651 1492 1677 1504; baseline 0 -4"><span class='ocrx_word' id='word_1_204' title='bbox 1651 1492 1677 1504; x_wconf 46' lang='grc' dir='ltr'><strong>κ.</strong></span> 
     </span>
    </p>
   </div>
  </div>
 </body>
</html>
