1690 3016
868 74 901 86 α*

587 205 961 256 echonem·-
1373 213 1471 264 393
1498 248 1504 255 ·

43 315 59 341 ²
100 312 438 361 intentionem
466 305 720 371 habuerit,
757 309 843 361 vel
875 307 1016 376 quod
1042 310 1197 361 talem
1215 312 1318 377 jam
1349 309 1474 360 olim

101 383 459 449 c'ultivaverit,
531 394 651 456 quin
693 402 866 441 tamen
917 392 1299 442 cultivationem
1348 394 1478 457 ejus-

101 470 246 522 modi
280 474 423 537 juxta
437 470 685 521 ‘ordinem
715 476 1130 523 montanisticum
1146 477 1474 524 continuave-

99 555 197 612 rit,
236 563 322 601 aut
359 560 456 620 pro
506 557 888 604 continuatione
941 551 1171 619 ejusdem
1201 570 1230 602 a
1270 552 1475 610 Judieio
1524 599 1526 602 ,

98 634 357 684 Montano
422 638 667 685 terminos
735 636 1049 696 obtinuerit,
1101 635 1474 703 praelationem

101 730 225 782 prae
256 714 359 764 alio
390 726 630 765 extraneo
659 717 880 771 tribuat,
917 733 1017 782 quo
1044 721 1095 766 in
1127 713 1276 785 passu
1298 713 1475 765 nihilo-

99 799 267 846 minus
296 800 349 845 in
382 795 613 846 favorem
647 798 991 848 Dominorum
1028 800 1343 847 terrestrium
1376 793 1507 844 cle?
1545 810 1549 811 ⁷

97 889 297 927 menter
324 881 581 940 statuitur,
618 889 671 928 ut
703 878 886 928 iisdem
916 897 978 928 ex
1007 878 1230 950 qualibet
1273 875 1475 948 fodina,

85 968 227 1024 'quae
255 961 308 1008 in
337 959 485 1009 bonis
512 977 695 1009 eorum
727 964 779 1009 in
812 961 1038 1010 futurum
1073 958 1368 1010 cultivanda
1398 975 1480 1008 as·

96 1052 324 1090 sumetur
368 1041 622 1103 (exclusis
658 1040 844 1090 fodinis
874 1041 965 1090 sub
1000 1042 1185 1091 actuali
1213 1043 1317 1105 jam
1369 1040 1473 1089 cui-

95 1133 223 1172 turm
244 1128 554 1182 constitutis,
590 1135 742 1196 prout
777 1136 827 1172 et
860 1125 996 1183 illis,
1032 1140 1159 1190 quae
1191 1126 1244 1173 in
1274 1125 1469 1188 gremio
1547 1163 1552 1167 .
1590 1183 1597 1190 .

95 1202 371 1254 Territorii
405 1208 664 1254 civitatum
693 1216 796 1254 tam
811 1206 1204 1274 Montanarum,
1240 1220 1391 1268 quam
1421 1214 1472 1252 et

92 1286 305 1335 aliarum
346 1286 650 1347 liberarum,
689 1297 737 1335 et
770 1276 1083 1353 Regiarum,
1135 1283 1278 1334 velut
1316 1300 1470 1352 pecu·

90 1366 278 1416 liorum
303 1367 615 1434 Regiorum,
651 1358 704 1415 in
743 1368 972 1416 futurum
1019 1364 1343 1415 cultivandae
1389 1381 1467 1414 as·

90 1448 389 1511 sumentur')
426 1448 556 1498 duae
594 1460 764 1517 partes
802 1441 1167 1498 haereditariae
1195 1446 1464 1502 fodinales‚

88 1547 179 1580 seu
209 1534 278 1579 ita
307 1525 477 1579 dictae
501 1531 709 1590 Kuxae,
746 1529 885 1596 quod
913 1534 955 1580 si
980 1547 1108 1578 vero
1143 1527 1299 1577 iidem
1324 1528 1464 1595 ligna

87 1625 289 1674 quoque
317 1608 383 1658 ad
413 1609 615 1659 fodinas
646 1596 931 1659 necessaria
973 1613 1146 1676 gratis>
1173 1607 1462 1676 suppedita-

8 1748 15 1754 ,
85 1694 286 1750 verint,
326 1692 455 1741 aliae
484 1691 652 1741 adhuc
686 1691 816 1741 duae
849 1704 1020 1759 partes
1056 1689 1306 1739 fodinales
1347 1706 1461 1756 gra·

83 1778 147 1824 tis
191 1773 404 1832 cedant,
441 1785 490 1823 et
520 1792 612 1841 per
640 1774 930 1824 urburarios
980 1771 1047 1822 ad
1086 1776 1339 1822 rationem
1375 1789 1459 1820 eo·

82 1854 304 1904 rundem
351 1856 692 1904 Dominorum
742 1857 1053 1904 terrestrium
1096 1857 1255 1920 gratis
1313 1850 1455 1902 culti-

81 1947 281 1988 ventur.

215 2020 367 2079 3-tio.
407 2018 665 2085 Quoniam
696 2015 761 2065 ad
776 2014 1000 2064 debitam
1028 2009 1317 2063 fodinarum
1348 2013 1452 2063 cul-

76 2113 244 2150 turam
292 2117 395 2153 non
450 2097 606 2148 modo
650 2094 740 2148 issa
780 2109 944 2146 terrae
977 2096 1306 2163 superficies,
1363 2094 1449 2145 ubi

76 2185 255 2237 fodina
296 2188 548 2253 aperitur,
586 2182 677 2234 sed
730 2182 928 2234 diversa
967 2186 1119 2231 etiam
1169 2182 1438 2250 aedificia,

74 2267 252 2332 Aquae
283 2265 464 2315 ductus
483 2297 497 2319 ,
535 2263 800 2314 machinae
831 2261 1181 2331 hydraulicae,
1218 2276 1269 2313 et
1296 2264 1445 2325 aliae;

70 2348 210 2416 ligna
243 2360 507 2416 praeterea
542 2357 645 2395 tam
676 2363 770 2414 pro
813 2347 1136 2412 praemissis,
1192 2360 1344 2409 quam
1391 2355 1444 2394 et

70 2428 186 2479 foco
237 2426 706 2495 indispensabiliter
740 2431 1088 2491 requirantur,
1126 2437 1173 2475 et
1213 2429 1320 2474 siue
1363 2424 1439 2474 his

71 2522 327 2575 tamquam
363 2506 712 2557 essentialibus
740 2509 986 2572 requisitis
1017 2508 1214 2556 cultura
1246 2504 1439 2555 fodina-

70 2606 183 2638 rum
220 2590 491 2639 subsistere
530 2596 780 2654 nequeat,
818 2588 935 2637 hinc
961 2588 1174 2655 ‚quilibet
1189 2590 1436 2638 Dominus

59 2673 315 2720 terrestris
346 2670 644 2726 urburariis,
681 2682 839 2720 semet
873 2686 988 2719 cum
1021 2672 1318 2720 investitura
1345 2669 1432 2718 Of-

56 2753 161 2802 ficii
189 2753 427 2801 Montani
457 2754 777 2802 insinuaturis
790 2788 808 2813 ,
849 2768 955 2803 non
981 2749 1140 2802 modo
1182 2750 1430 2804 culturam
