1690 3016
146 175 249 220 310
641 169 1018 212 omnnem·-

146 279 198 315 et
233 268 548 332 alienigenae
598 270 650 316 in
698 268 854 335 vulgo
902 267 1229 316 theutonicali
1282 267 1525 335 Forleger
1572 299 1579 302 -

146 354 454 417 nuncupati,
491 353 576 414 qui'
609 354 851 416 pecunias
910 367 1086 399 eorum
1131 367 1225 418 pro
1271 365 1424 409 aui-0,
1476 360 1526 397 et

147 443 355 499 argento
399 432 562 481 libero
599 436 649 479 in
677 432 936 481 Montanis
978 435 1161 481 nostris
1205 428 1398 479 ibidem
1442 429 1525 478 ha-

146 515 265 565 bitis
316 515 647 580 proventibus
701 519 883 565 nostris
926 518 1292 565 montanisticis
1336 510 1530 561 ibidem

149 587 479 644 existentibus
512 595 879 656 concederent,
917 613 1009 664 per
1036 593 1327 660 hujusmodi
1379 609 1532 661 pecu·

147 681 262 726 niae
292 694 475 748 eorum,
499 680 879 726 concessionem
914 674 1206 741 hujusmodi
1237 692 1435 731 aurum,
1482 684 1531 722 et:

81 822 86 825 ι
148 769 414 824 argentum
450 759 667 808 liberum
718 762 1048 826 praescriptis
1096 756 1425 825 usurpando,
1485 764 1550 803 eti

151 840 217 890 de
248 841 429 908 Regno
464 827 651 890 nostro⁴
685 839 953 890 educendo
1005 842 1267 916 Majestati
1297 850 1533 898 nostrae,

150 933 616 998 consequenterque
650 925 770 988 ipsis
800 926 1086 983 montanis,
1126 934 1175 971 et
1212 923 1402 971 civitati
1445 937 1536 969 no·
1569 955 1572 956 γ

155 1005 271 1051 stris
312 1000 507 1062 damna
531 1021 631 1052 non
651 1003 854 1053 modica
884 1007 1182 1070 irrogarent,
1201 1014 1249 1052 et
1277 1002 1537 1060 inferrent3

151 1101 268 1133 cum
300 1097 469 1135 autem
508 1102 601 1135 nos
639 1083 930 1149 hujusmodi
962 1102 1160 1144 aurum,
1197 1096 1247 1133 et
1275 1069 1541 1151 argentum
1612 1084 1620 1089 ”

149 1165 372 1215 liberum
432 1184 525 1234 per
576 1166 886 1234 praedictos*
923 1166 1158 1216 homines
1207 1166 1432 1214 forenses
1492 1172 1542 1211 et

152 1247 464 1314 alienigenas
523 1253 853 1315 praescriptis
898 1253 1159 1315 usurpari,
1228 1259 1278 1296 et
1329 1244 1392 1293 de
1442 1244 1540 1292 hoe

151 1327 339 1396 Regno
377 1340 550 1378 nostro
592 1329 885 1395 Hungariae
941 1328 1090 1378 educi
1135 1346 1236 1377 non
1291 1327 1539 1384 velimus,

155 1413 277 1474 quin
307 1414 475 1477 potius
506 1410 735 1474 lucrum,
776 1409 914 1475 quod
956 1414 1006 1459 in
1057 1414 1315 1477 emptione
1361 1424 1542 1455 eorun-

123 1548 128 1564 .
155 1489 273 1538 dem
308 1495 578 1558 provenit,
616 1491 919 1560 perincolas
941 1502 988 1539 et
1018 1495 1346 1539 montanistas
1373 1488 1542 1536 dictae

153 1585 358 1624 nostrae
398 1576 616 1622 civitatis
658 1577 886 1641 percipi,
923 1590 982 1621 ac
1034 1577 1086 1621 in
1127 1572 1543 1620 reformationem

155 1666 207 1703 et
237 1655 505 1716 utilitatem
538 1658 763 1721 ipsarum
797 1656 1154 1710 montanarum
1185 1664 1235 1702 et
1278 1655 1545 1703 civitatum

154 1748 443 1787 nostrarum
477 1740 704 1791 converti
737 1729 1090 1800 intendamuS‚
1126 1728 1282 1802 igitur
1309 1733 1546 1801 fidelitati

153 1829 353 1868 vestrae
381 1818 774 1877 UniversitatiS,
830 1829 877 1866 et
921 1818 1132 1866 cuilibet
1185 1825 1412 1864 vestrum
1466 1816 1548 1863 fir·

157 1902 387 1948 missime
414 1902 791 1966 praecipimus,
830 1910 880 1947 et
917 1897 1259 1954 mandamus,
1293 1894 1435 1944 aliud
1464 1913 1549 1943 ne-

158 1998 412 2047 quaquam
447 1981 635 2030 habere
670 1981 924 2040 volentes,
946 1991 1191 2046 quatenus
1211 1981 1378 2046 agnita
1406 1994 1550 2049 prae-

158 2067 379 2114 sentium
410 2067 606 2124 notitia,
646 2080 675 2111 a
706 2063 863 2111 modo
895 2066 945 2112 in
976 2074 1237 2130 posterum
1259 2058 1550 2128 praedictos

157 2141 390 2193 homines
418 2144 674 2204 forenseS,
712 2156 759 2194 et
796 2145 1126 2211 alienigenas,
1146 2145 1230 2209 qui
1259 2138 1552 2206 hujusmodi

164 2240 375 2286 aurum,
423 2237 471 2275 et
515 2220 782 2293 argentum
831 2226 1052 2275 liberum
1101 2243 1197 2293 per
1241 2227 1551 2292 praemissae

164 2309 417 2376 pecuniae
459 2323 635 2355 eorum
673 2311 1058 2356 concessionem
1096 2322 1189 2373 per
1221 2322 1274 2354 se
1303 2315 1552 2362 emerent,

166 2400 509 2456 usurparent,
548 2401 596 2437 et
641 2387 705 2437 de
745 2392 840 2438 isto
859 2389 1042 2455 Regno
1074 2398 1245 2436 nostro
1265 2387 1553 2452 Hungariae

167 2469 474 2535 educerent,
511 2474 562 2519 in
588 2475 768 2520 vestris
797 2469 1036 2519 domibus
1071 2480 1117 2518 et
1140 2467 1552 2530 habitationibus,

169 2567 264 2599 nec
313 2568 415 2601 non
449 2563 619 2599 vestro
652 2555 703 2600 in
740 2550 913 2600 medio
946 2549 1145 2608 fovere,
1184 2558 1231 2596 et
1251 2554 1554 2598 conservare

175 2633 462 2681 nullatenus
488 2635 853 2699 praesumatis:
890 2635 1048 2679 immo
1083 2634 1219 2696 ipsos
1252 2627 1476 2678 forenses
1505 2640 1556 2677 et

174 2712 480 2778 alienigenas
513 2711 576 2760 de
605 2706 933 2761 concessione
953 2747 968 2772 ‚
1019 2710 1382 2776 indigenasque
1415 2724 1443 2756 a
1477 2724 1559 2777 ref
