1690 3016
216 167 328 230 ‘318
744 177 1114 218 ‹chamon-ew

222 281 340 318 neta
372 281 545 320 nostra
580 288 729 322 aurea
753 273 1025 340 gradibus,
1059 292 1269 324 numero
1293 310 1306 333 ,
1345 273 1607 342 pondere,

225 363 275 400 et
305 358 493 414 armis,
548 355 725 417 quibus
762 367 993 422 tempore
1041 355 1298 420 quondam
1344 359 1603 408 Sei-cnissi-

223 438 295 482 mi
326 437 570 502 Principis
596 437 805 500 Domini
836 438 1033 486 Alberti
1074 432 1227 504 Regis
1259 439 1416 488 Patris
1446 443 1604 489 nostri

225 533 340 566 cusa
372 517 492 574 fuit,
531 522 581 567 in
631 517 766 568 dicta
797 518 1010 568 Camera
1058 519 1420 570 Cremniciensi
1457 519 1607 587 cuda—

167 618 169 621 ’
229 611 340 664 tur,
381 613 428 652 et
463 613 779 660 monetetur‚
821 605 1065 668 appositis
1088 614 1254 650 tamen
1287 607 1496 652 nomine
1523 592 1610 650 no-

224 693 361 744 str0,
401 693 449 730 et
478 693 645 730 vestra
684 686 902 731 nominis
939 682 1169 731 moderni
1212 682 1491 732 Camerarii
1522 700 1610 731 no·

215 760 310 822 'stri
343 791 405 798 ——
440 755 704 827 (additum
719 767 918 827 faerit,
948 766 1086 812 Nota
1107 802 1121 822 ‚
1150 768 1223 811 vel
1253 763 1605 829 litera.)—--—

224 849 368 914 Quae
420 846 626 911 quidem
668 858 872 895 moneta
921 862 1071 894 aurea
1110 862 1261 904 cusa,
1299 856 1348 894 et
1392 849 1443 893 in
1491 842 1608 892 effe-

225 941 371 979 ctum.
411 928 627 978 deducta
674 929 861 993 absque
913 932 1286 978 examinatione
1330 926 1521 977 Judicis
1556 938 1606 975 et

220 1009 512 1063 Juratorum
547 1015 735 1062 civium
773 1015 990 1060 civitatis
1022 1023 1221 1060 nostrae
1260 1010 1602 1069 Cremnicien-

223 1098 286 1143 sis
335 1104 708 1162 prae‘attactae‚
747 1103 1066 1164 nequaquam
1111 1091 1173 1141 de
1218 1091 1432 1142 Cam‘era
1468 1109 1608 1159 egre·

222 1176 391 1226 diatur
411 1213 427 1234 ,
465 1194 559 1226 nec
590 1193 788 1224 cursum
826 1176 1024 1223 babeat.
1064 1176 1230 1242 Quam
1261 1173 1467 1239 quidem
1497 1192 1606 1224 mo-

221 1270 394 1307 netam
424 1275 627 1307 auream
664 1262 703 1306 si
739 1256 856 1306 dicti
899 1256 1094 1314 Judex,
1134 1269 1180 1304 et
1223 1256 1381 1307 Jurati
1412 1262 1462 1305 in
1495 1272 1607 1321 gra-

223 1339 290 1388 du
317 1339 571 1389 defectum
604 1339 792 1387 habere
822 1343 1129 1404 repererint,
1158 1338 1359 1387 ref'undi
1390 1340 1602 1398 faciant,

224 1434 272 1470 et
303 1420 367 1470 de
397 1438 532 1469 novo
579 1422 876 1480 cimentari‚
920 1417 1084 1473 donec
1122 1419 1185 1466 ad
1235 1437 1415 1468 verum
1451 1437 1606 1469 vene·

221 1508 285 1554 rit
313 1501 527 1568 gradum
547 1540 562 1560 ,
600 1506 637 1549 si
675 1518 793 1548 vero
824 1516 1070 1562 numero,
1108 1517 1191 1547 seu
1222 1499 1450 1566 pondere
1478 1504 1606 1565 ejus-

223 1581 342 1631 dem
371 1595 604 1632 monetae
644 1584 949 1648 reperiretur
984 1568 1209 1627 defectus
1245 1598 1305 1627 ex
1341 1582 1599 1648 negligen-

223 1668 292 1713 tia
319 1666 725 1712 Monetariorum
745 1699 759 1721 ,
785 1658 1068 1711 eorundem
1106 1665 1339 1727 expensis
1364 1661 1604 1720 ¹refunda-

227 1757 339 1805 tur‚
379 1757 427 1794 et
474 1744 539 1793 de
585 1761 721 1794 novo
766 1752 1072 1790 monetetur.
1167 1742 1427 1791 Praefatae
1482 1762 1606 1793 vero

229 1831 464 1876 monetae
495 1838 762 1895 argenteae
786 1828 1003 1873 mixtura
1037 1823 1135 1871 hoc
1156 1823 1311 1871 modo
1334 1826 1444 1885 fiat3
1472 1824 1609 1890 quod

227 1912 555 1977 unirmarcae
587 1911 782 1975 argenti
822 1908 909 1954 fini
940 1904 1336 1967 admiscebitur,
1374 1918 1423 1954 et
1454 1923 1610 1973 appo-

229 2005 377 2044 netur
407 2010 506 2041 una
537 2007 708 2039 marca
744 1994 916 2056 cupri,
951 2007 1011 2037 ex
1044 1991 1222 2054 quibus
1263 1987 1456 2036 duabus
1483 2002 1612 2034 mar-

232 2080 303 2126 cis
340 2080 409 2125 sic
442 2076 610 2123 mixtis
649 2071 764 2121 cudi
797 2070 1056 2120 debebunt
1093 2070 1284 2119 denarii
1321 2069 1517 2118 formae
1542 2067 1613 2114 al-

232 2145 349 2205 bae·⁴
382 2155 527 2203 mille
587 2155 832 2211 trecenti,
892 2167 1108 2216 quorum
1157 2149 1360 2198 ducenti
1419 2148 1612 2196 denarii

231 2254 392 2287 unum
436 2238 687 2284 florenum
735 2237 840 2282 auri
892 2232 1169 2289 valebunt,
1206 2244 1254 2278 et
1287 2247 1379 2297 pro
1416 2231 1610 2278 floreno

229 2322 337 2368 auri
358 2317 543 2380 ubique
569 2333 664 2382 per
690 2312 912 2388 dominia
937 2325 1106 2361 nostra
1128 2315 1452 2377 recipiantur.
1491 2311 1613 2359 For-

227 2417 314 2448 ma
350 2412 398 2447 et
433 2400 592 2465 figura
622 2401 851 2464 ipsorum
887 2394 1208 2443 denariorum
1252 2396 1346 2440 ista
1382 2393 1498 2440 fiet:
1554 2393 1614 2440 In

229 2497 331 2529 una
362 2492 504 2548 parte
548 2483 716 2545 imago
750 2481 910 2525 sancti
955 2474 1186 2525 Ladislai
1216 2473 1369 2540 Regis
1411 2473 1614 2539 Hunga·

231 2566 336 2612 riae
370 2559 622 2611 chlamide
656 2562 791 2626 regia
832 2558 1061 2624 sculpta,
1098 2553 1332 2605 diadema
1361 2559 1411 2603 in
1444 2557 1610 2622 capite

226 2659 392 2709 supra
422 2658 694 2697 coronam,
733 2652 783 2687 et
814 2642 1029 2687 securim
1061 2641 1110 2686 in
1136 2652 1287 2685 manu
1316 2634 1525 2691 dextra,
1560 2638 1613 2683 in

240 2728 440 2773 sinistra
480 2738 605 2773 vero
641 2737 855 2789 pomum
898 2736 1012 2768 cum
1059 2735 1205 2767 cruce
1253 2734 1402 2784 supra
1444 2727 1611 2765 erecta
