1690 3016
620 143 994 218 -ᾅοοεδοοών
1408 174 1500 221 281

122 286 257 335 seqq.
295 295 362 308 —-
396 268 455 333 3)
492 270 615 319 Lira
644 270 835 319 Veneta
866 275 984 319 anni
1020 281 1161 325 1800.
1181 269 1301 319 ibid.
1316 289 1365 331 p.
1385 281 1502 331 437.

121 369 173 404 n.
204 372 253 417 5.
288 379 355 387 —-—
392 349 448 413 4)
482 351 664 401 Variae
694 356 887 418 species
922 366 1246 401 monetarum
1289 369 1502 420 cuprea-

125 451 242 483 rum
284 432 403 481 ibid.
429 449 479 494 p.
506 440 622 490 488.
669 447 824 496 usque
864 447 979 496 490.
1031 461 1098 472 —-
1144 432 1205 496 5)
1254 434 1497 484 Monetae

125 531 349 582 cupreae
376 531 510 563 anno
541 523 683 578 ¹807·
714 513 829 564 cudi
859 527 1071 583 coeptae
1107 518 1160 565 in
1175 514 1500 584 supplemen-

123 605 233 645 tum
260 599 512 645 minorum
549 593 863 646 Schedarum
907 596 1197 646 bancalium
1243 596 1500 646 Viennen-

119 681 253 728 sium
284 667 406 728 ἷόἱᾶ.
430 696 480 740 p.
515 690 631 738 491.
663 692 766 741 seq.
798 705 866 714 η
901 677 960 740 6)
979 677 1235 729 Thalems
1256 694 1364 748 arg.
1380 682 1496 728 anni

129 770 274 823 1805.
303 777 419 809 eum
444 761 588 810 titulo
621 760 776 811 Rom.
814 769 865 806 et
887 763 1213 811 haereditarii
1244 761 1493 819 Austriq

115 842 480 903 Imperatoris,
519 846 807 908 omissoque
839 844 1003 891 Ducit
1020 844 1182 907 Bur-g.
1215 842 1494 890 etMDu·

117 927 193 972 εἰς
221 924 373 971 Hetr.
407 921 499 972 sed
527 922 703 973 addito
734 925 902 972 Ducis
943 924 1119 972 Venet.
1151 933 1201 970 et
1230 921 1414 972 Salisb.
1441 927 1499 972 ti·

114 1006 239 1056 tulo.
282 1004 409 1052 Ibid.
437 1024 488 1067 p.
519 1011 634 1063 484.
670 1022 719 1052 n.
766 1008 815 1056 8.
862 1030 930 1040 --
978 1004 1039 1067 7)
1086 1005 1332 1070 Monetae
1373 1008 1497 1055 anni
1552 1007 1553 1010 ’

119 1095 265 1144 1807·
304 1089 354 1134 in
380 1085 560 1150 quibus
591 1096 664 1134 est
696 1085 868 1136 titulus
899 1087 1101 1137 haered.
1148 1088 1333 1134 Austr.
1361 1086 1490 1146 Imp.

111 1169 214 1232 jam
255 1160 361 1214 sine
388 1164 539 1215 Rom.
572 1177 621 1214 et
660 1168 766 1215 sine
804 1167 872 1214 D.
916 1165 1095 1212 Venet.
1126 1163 1259 1212 Ibid.
1290 1182 1338 1226 p.
1377 1177 1494 1228 ⁴9¹·

111 1248 356 1297 Monetae
381 1246 583 1295 usuales
617 1245 808 1296 factum
854 1245 1135 1314 quodpiam
1163 1251 1166 1254 ’
1194 1242 1494 1298 historicum

115 1327 415 1391 exhibentes
437 1344 688 1380 summam
725 1326 914 1377 habent
946 1329 1315 1378 auctoritatem.
