1690 3016
228 194 323 247 288
726 203 1100 251 venooeooesss
1180 216 1189 222 =

222 302 531 368 inscriptae,
589 316 705 352 ann.
748 315 889 364 1705.
932 315 981 352 et
1016 305 1161 361 1706.
1231 304 1377 355 Aliae
1419 299 1598 359 itidem

217 396 397 431 aereae
429 392 561 443 tres,
617 382 840 431 Poleam
885 388 1159 454 inscriptae
1208 404 1324 436 ann.
1377 391 1500 445 1706
1548 402 1598 439 et

225 475 369 520 1707.
409 462 610 530 Agmen
638 463 818 515 horum
857 471 1084 516 omnium
1105 467 1303 518 claudit
1331 469 1597 518 Numisma

125 561 133 565 ’
216 546 418 594 unciale
452 558 749 613 argenteum
788 547 1014 616 homagii
1047 552 1122 600 M.
1171 554 1435 597 Maestae
1465 557 1598 614 Aug.

218 628 280 676 ab
309 627 585 678 Ordinibus
617 628 1009 681 Transilvaniae
1036 634 1266 699 praestiti
1291 649 1409 682 ann.
1452 644 1596 687 1741.

219 710 336 758 Post
366 709 492 760 haec
517 715 729 762 veniunt
777 717 828 762 in
870 712 1055 763 eodem
1096 714 1227 763 libro
1274 726 1461 782 ectypa
1506 715 1601 763 Ar-

212 798 513 858 genteorum
550 794 715 861 Regni
748 796 1035 863 Hungariae
1070 795 1388 859 Nummum,
1428 813 1456 845 a
1501 798 1600 844 De-

211 877 362 924 nariis
394 877 550 941 primi
582 876 734 944 Regis
764 877 869 926 divi
915 876 1153 940 Stephani
1179 875 1472 926 inchoando
1515 894 1598 926 us-

210 970 306 1018 que
333 953 398 1004 ad
434 956 514 1003 M.
556 958 871 1019 Therasiam,
902 953 1125 1008 seriebus
1161 971 1330 1010 tamen
1365 957 1594 1007 nondum

213 1038 515 1105 completis3
554 1055 671 1088 nam
706 1043 757 1087 in
804 1043 969 1107 prima
1002 1040 1200 1107 Regum
1245 1035 1463 1089 Periodo
1511 1039 1594 1087 de-

212 1129 327 1166 sunt
358 1122 499 1168 numi
530 1119 731 1186 Regum
770 1121 950 1168 Geisae
982 1125 1028 1172 1.
1063 1124 1220 1170 Belae
1251 1121 1329 1169 II.
1361 1119 1601 1180 Stephani

205 1198 322 1248 Ill.
355 1211 403 1247 et
433 1203 544 1260 JV,
577 1200 808 1248 Latii-clai
848 1201 926 1251 II.
966 1211 1016 1249 ec
1062 1200 1171 1250 III.
1244 1199 1484 1251 Periodus
1525 1198 1594 1248 al-

206 1289 311 1328 tera
351 1291 488 1330 caret
536 1284 702 1330 numis
748 1281 1062 1346 lVenceslm',
1111 1293 1162 1329 et
1203 1282 1378 1330 Caroli
1416 1283 1589 1328 Pam:

203 1358 386 1410 Tertia
419 1378 521 1411 non
553 1360 882 1429 progreditur
910 1364 1041 1413 ultra
1081 1380 1269 1412 annum
1317 1361 1462 1425 1767.
1531 1362 1588 1410 In

205 1453 421 1506 quatuor
449 1447 720 1510 postremis
756 1441 985 1507 ejusdem
1011 1445 1127 1495 libri
1158 1444 1323 1503 foliis,
1355 1460 1443 1491 seu
1472 1453 1588 1491 octo

182 1526 400 1591 ‘paginis
463 1534 578 1572 sunt
628 1535 694 1582 37
750 1523 1124 1573 Numismatum
1177 1528 1476 1590 variorum,
1522 1524 1590 1574 ad

201 1605 511 1671 Hungariam
531 1642 547 1668 ‚
585 1606 671 1655 vel
694 1603 1114 1656 Transilvaniam
1152 1622 1451 1671 quocunque
1479 1624 1588 1655 mo·

201 1683 270 1733 do
304 1686 644 1752 spectantium
681 1696 901 1754 ectypa,
930 1703 1006 1736 ex*
1032 1686 1211 1751 quibus
1247 1689 1297 1734 in
1333 1686 1583 1755 Catalogo

199 1764 487 1817 Numorum
519 1766 680 1816 Instit.
708 1764 825 1816 Nat.
867 1766 1117 1817 Sze‘chen.
1181 1766 1433 1833 quaedam
1478 1786 1582 1818 non

196 1852 551 1917 reperiuntur,
592 1848 755 1897 veluti
806 1847 997 1899 Jacobi
1039 1848 1249 1908 Ηαίίεν,
1298 1851 1388 1898 filii
1433 1849 1581 1897 Petri

198 1932 414 1982 Comitis
444 1930 678 1979 Nationis
708 1930 987 1999 Saxonicae
1014 1933 1066 1979 in
1082 1930 1346 1983 Transilv.
1384 1930 1579 1980 Numus

197 2029 303 2080 arg.
339 2014 457 2061 anni
502 2022 646 2073 1554.
690 2011 847 2062 Joan.
889 2014 1238 2059 Armbrusten·
1271 2011 1582 2061 Tricesima-

195 2096 323 2143 toris
354 2093 677 2142 posoniensis
723 2109 841 2141 cum
873 2108 1032 2141 uxore
1066 2109 1152 2142 sua
1181 2095 1330 2139 Anna
1366 2094 1581 2152 Kampe-

197 2178 281 2222 rin
321 2181 464 2234 1003.
490 2172 611 2240 Arg.
639 2175 826 2221 uncial.
862 2172 1078 2221 Joannis
1117 2174 1165 2220 T
1159 2170 1372 2236 elegde'm'
1399 2172 1579 2222 Archi-

200 2259 358 2324 episc.
395 2255 694 2305 Colocensis
734 2259 874 2314 1643.
905 2254 1012 2321 Arg
1051 2270 1164 2302 unc.
1197 2242 1448 2300 Damiani
1474 2257 1579 2300 Hu-

193 2340 342 2404 goni&
370 2339 582 2386 Comitis
628 2339 898 2385 Virmonctt
923 2353 1041 2385 cum
1074 2338 1434 2403 inscriptione:
1470 2335 1579 2399 By-

199 2426 361 2469 zantii
386 2437 510 2481 pace
544 2421 678 2466 clusa
711 2420 897 2467 Ducit-s
930 2420 1149 2482 Augusti
1173 2417 1392 2463 Prae-ses
1423 2419 1578 2465 datus

200 2498 571 2568 MDCCXXI.
609 2500 714 2566 Arg
745 2500 981 2549 Semunc.
1022 2499 1222 2562 Aloyse‘i
1238 2495 1384 2544 Ferd.
1414 2498 1580 2545 Comi-

199 2587 269 2629 tis
301 2585 566 2641 Manilii,
602 2581 840 2632 Auctoris
867 2579 1092 2631 Danubii
1124 2571 1576 2627 Pannonio-Mae·

199 2666 350 2728 siaci‚
385 2665 592 2731 elegans
635 2662 902 2712 Numisma
946 2676 1150 2709 aereum
1186 2676 1215 2707 a
1258 2658 1572 2707 Bononiensi

200 2745 530 2796 Scientiarum
561 2743 846 2796 Academia
875 2743 1022 2794 Socio
1053 2757 1113 2792 ac
1148 2741 1437 2793 Mecaenati
1475 2755 1570 2788 suo

1451 2837 1570 2872 ann*
