1690 3016
627 194 1008 241 ‹tuoe-⁸04·-
1410 187 1512 251 336

127 290 298 351 nostra
325 298 636 366 generaliter
662 297 900 346 omnibus
950 295 1292 360 exmandato
1336 308 1511 347 nostro

130 373 493 440 committam,
529 391 577 428 et
605 383 757 428 etiam
789 377 1078 446 publicari,
1117 389 1166 426 et
1196 378 1512 446 proclamari

131 463 358 521 faciatis,
395 474 448 511 ut
486 462 577 511 sub
617 477 785 528 poena
833 463 1204 509 confiscationis
1250 465 1514 511 universo-

130 560 244 594 rum
270 542 557 607 bonorum,
604 557 662 592 ac
706 559 877 592 rerum
935 558 1138 590 suarum
1189 540 1513 609 praedictam

130 623 511 681 ordinationem
549 636 598 674 et
628 621 850 672 edictum
895 635 1127 673 nostrum
1175 622 1239 672 dc
1285 623 1516 692 supradi-

132 717 216 756 cto
254 721 378 765 usu,
415 716 464 754 et
498 706 677 756 valore
716 702 880 754 dietae
919 722 1085 754 novae
1130 716 1384 763 monetae,
1428 722 1516 754 an-

130 796 314 852 teaque
350 787 768 853 promulgatum,
804 790 1147 851 unusquisque
1201 787 1514 845 observare,

133 884 472 926 conservare,
512 884 691 933 resque
745 885 953 926 omnes,
983 884 1219 927 merces,
1243 868 1520 931 victualia,

133 958 185 997 et
215 949 453 997 animalia
497 964 648 998 nemo
685 953 878 1008 carius,
914 965 1065 1014 quam
1093 959 1209 997 ante
1252 950 1516 1004 cusionem

134 1026 303 1078 novae
319 1040 557 1077 monetae
575 1030 782 1078 solitum
812 1029 926 1090 fuit,
942 1027 1192 1092 vendere,
1211 1039 1296 1078 aut
1324 1044 1518 1087 emere,

134 1121 223 1160 aut
255 1110 450 1174 aliquos
486 1121 790 1163 contu-actus,
810 1122 857 1158 et
895 1111 1173 1159 solutiones
1200 1109 1349 1157 aliter
1366 1125 1520 1172 quam
1557 1104 1563 1108 ’

135 1202 214 1240 est
245 1194 527 1241 institutum
550 1228 565 1248 ,
603 1191 772 1240 facere
802 1195 906 1241 istis
941 1195 1088 1242 novis
1118 1192 1336 1241 monetis
1375 1206 1522 1256 prae-

134 1284 320 1323 sumat.
393 1274 444 1322 Si
474 1277 557 1338 qui
586 1285 756 1322 autem
795 1290 884 1322 usu
908 1273 1194 1337 hujusmodi
1216 1289 1382 1323 novae
1411 1287 1519 1319 mo-

135 1365 286 1404 netae
322 1371 431 1403 sese
459 1357 639 1418 quovis
671 1352 826 1404 modo
857 1357 1059 1422 gravari
1096 1365 1348 1422 putarent,
1364 1369 1523 1419 quan-

112 1446 246 1487 ‘tum
280 1452 499 1501 namque
534 1433 601 1483 de
630 1437 718 1484 illa
754 1434 1000 1495 habeant,
1049 1434 1116 1485 ad
1169 1435 1520 1486 Camerarium

138 1529 367 1566 nostrum
401 1515 695 1567 Budensem
736 1515 938 1565 deferre
980 1523 1250 1591 poterunt,
1312 1516 1400 1566 ubi
1453 1515 1519 1564 ab

138 1599 264 1665 ipsis
339 1603 712 1663 permutatione
767 1601 1004 1662 antiquae
1048 1609 1316 1654 monetae,
1366 1608 1521 1661 quam

140 1693 278 1729 nunc
310 1675 502 1726 ibidem
531 1676 648 1726 cudi
685 1677 930 1737 facimus,
968 1677 1282 1737 redimetur3
1318 1690 1523 1746 praeter

140 1759 490 1811 camerarium
519 1770 690 1808 tamen
735 1771 963 1810 nostrum
1005 1760 1298 1810 Budensem
1356 1777 1518 1810 novas

139 1844 259 1892 istas
296 1853 527 1890 monetas
557 1841 645 1891 vel
677 1840 965 1902 redimere,
1004 1843 1090 1892 vel
1129 1845 1240 1892 aliis
1289 1845 1397 1893 sive
1450 1847 1524 1893 in-

141 1926 332 1979 ternis,
397 1924 505 1972 sive
550 1927 767 1972 externis
819 1934 1144 1991 permutare,
1197 1941 1369 1991 poena
1425 1923 1522 1973 sub

141 2015 444 2075 praenotata
471 2006 809 2054 ammissionis
828 2009 1054 2054 omnium
1078 2004 1521 2056 bonorum.nemo

142 2086 350 2137 audeat.
391 2086 629 2136 Praesens
660 2091 826 2151 itaque
855 2085 1093 2136 Edictum
1135 2099 1397 2145 nostrum,
1458 2085 1524 2137 de

140 2175 245 2233 quo
271 2164 633 2227 observando,
670 2178 719 2217 et
752 2166 1065 2235 publicando
1105 2166 1172 2216 ad
1203 2169 1428 2231 aliasque
1462 2166 1529 2213 ci·

140 2251 327 2300 vitatos
362 2260 557 2297 nostras
585 2251 892 2316 scripsimus,
923 2251 972 2297 in
1002 2252 1093 2296 ista
1120 2251 1324 2297 civitate
1355 2246 1530 2294 obser-

146 2332 305 2395 vare,
341 2340 391 2379 et
432 2330 692 2380 observari
724 2330 891 2380 facere
921 2328 1181 2389 debeatis,
1227 2330 1527 2378 temerarios

147 2421 578 2477 transgressores,
616 2424 670 2460 ut
701 2415 1034 2479 praemissum
1076 2421 1184 2468 est,
1225 2408 1528 2459 authoritate

149 2500 323 2544 nostra
355 2493 518 2561 Regia
557 2492 908 2561 praesentibus
955 2496 1003 2542 in
1044 2491 1139 2541 hac
1194 2503 1338 2560 parte
1381 2489 1531 2540 vobit

149 2590 396 2625 concessa
435 2577 670 2643 puniatis.
727 2575 881 2622 Secus
920 2589 1037 2622 non·
1066 2573 1265 2621 facturi.
1338 2569 1529 2621 Datum
1582 2612 1590 2622 ,

147 2652 328 2704 Budae
366 2659 417 2705 in
445 2656 597 2705 Festo
622 2654 767 2707 Beati
799 2654 1055 2706 vincentii
1084 2656 1333 2720 Martyris
1374 2652 1525 2703 Anno

115 2762 117 2764 ·
150 2735 364 2787 Domini
401 2738 550 2802 1526.

1157 2812 1271 2868 Υι
