1690 3016
610 239 990 291 -ᾲοοωοοιφ-
1396 236 1499 293 389

93 331 489 403 emolumenta,
525 352 577 391 et
606 358 732 411 opes
771 337 1296 405 redundarunt3qnod
1323 325 1497 408 ipsum

104 442 204 495 pro
235 424 406 474 futuro
442 439 644 490 quoque
685 434 829 473 tanto
867 424 1062 472 firmius
1098 437 1303 489 sperare
1347 421 1490 480 licet,

106 523 208 574 quo
246 508 430 555 certius
463 517 568 571 est,
605 516 810 574 praeter
861 502 1087 553 Fodinas
1137 514 1255 552 actu
1306 503 1492 551 floren-

104 602 215 652 tes,
251 589 372 640 alias
398 589 551 658 longe
580 589 752 657 plures
772 629 788 652 ‚
829 603 932 635 non
966 595 1182 654 propter
1206 583 1490 634 earundem

111 673 462 730 sterilitatem,
498 681 575 719 ast
600 669 665 719 ob
691 664 1078 738 'perturbatum‘
1104 666 1286 729 bellis,
1323 675 1371 713 et
1413 681 1492 712 re-

108 739 463 822 volutionibus
498 751 664 820 Regni
701 762 890 801 statum
926 750 1052 799 olim
1094 747 1340 805 desertas,
1376 756 1493 794 actu

113 850 314 900 quoque
352 833 607 884 desolatas
630 836 836 899 jacere,
874 847 1002 897 quae
1036 836 1206 879 rursus
1238 845 1356 878 cum
1389 826 1492 876 fru-
1540 871 1542 873 .

111 903 229 974 ctu,
266 927 315 964 et
351 916 568 965 utilitate
609 915 882 965 restaurari
916 922 1162 980 possunt,
1206 907 1381 974 neque'
1403 907 1493 957 du-

110 998 252 1047 bium
282 1009 387 1059 est,
423 1001 543 1064 quin
576 1001 627 1046 in
654 998 888 1066 plurimis
917 991 1169 1060 ejusmodi
1211 984 1503 1055 montibus‚‘

107 1083 159 1129 in
194 1080 373 1145 quibus
424 1080 664 1130 hactenus
724 1079 920 1128 cultura
967 1072 1286 1127 Fodinarum'
1325 1090 1490 1138 neque

106 1158 297 1211 tentata
327 1172 438 1223 est,
475 1161 657 1215 eadem
687 1166 797 1230 pari
835 1177 952 1215 cum
979 1159 1325 1208 emolumento
1356 1158 1492 1206 altis-

106 1245 220 1292 simi
253 1245 435 1292 aerarii
469 1235 647 1310 Regii,
685 1258 836 1308 quam
869 1253 919 1291 et
950 1242 1248 1304 eorum‚qui
1277 1237 1342 1288 ad
1359 1237 1490 1286 hanc

101 1322 406 1374 industriam
435 1327 662 1377 animum
700 1322 965 1388 adjiciunt,
1001 1324 1254 1385 totiusque
1294 1319 1491 1387 publici

105 1395 533 1471 absque'minimo
565 1405 683 1454 suae
710 1405 997 1470 Majestatis
1033 1401 1353 1451 subditorum
1406 1416 1499 1468 ag<

104 1490 282 1555 gravio
313 1491 539 1537 exerceri
569 1489 773 1546 valeat,
808 1490 877 1537 ita
916 1483 1157 1551 quidem,
1194 1493 1247 1531 ut
1280 1499 1375 1550 pro
1412 1498 1489 1530 ra-

105 1572 243 1618 tione
275 1571 565 1633 quantitatis
596 1572 906 1618 minerarum
928 1585 990 1615 ex
1013 1565 1292 1614 visceribus
1325 1574 1489 1613 terrae

105 1649 447 1701 emendarum
476 1666 579 1699 non
612 1649 768 1698 modo
810 1654 967 1698 stat'us
1005 1646 1240 1715 publicus
1285 1644 1492 1711 Regno-

102 1749 215 1782 rum
250 1731 808 1797 Caesareo-Regiorum
850 1720 1222 1780 incrementum
1285 1732 1484 1795 capiat,

98 1812 190 1863 sed
229 1823 278 1862 et
310 1814 504 1872 miseris
539 1805 974 1861 contribuentibus
1003 1808 1070 1858 ad
1103 1809 1351 1858 culturam
1389 1808 1484 1858 Fo-

97 1894 335 1944 dinarum
366 1890 667 1940 adhibendis
711 1895 912 1941 occasio
946 1889 1196 1950 merendi,
1214 1901 1263 1939 et
1294 1887 1360 1937 ad
1379 1903 1484 1937 mei-

95 1975 279 2024 liorem
313 1974 686 2024 subsistentiam
730 1971 1067 2040 perveniendi
1106 1969 1480 2038 suppeditetur,

95 2061 304 2124 insuper
342 2071 467 2104 vero
505 2071 598 2121 per
639 2048 1126 2122 multiplicationem
1180 2050 1511 2101 Urburarior
1564 2054 1566 2057 ’

94 2154 240 2197 rum,
274 2146 326 2187 et
357 2135 562 2184 Metalli
595 2134 848 2185 fossorum
898 2137 1243 2203 intraneorum
1284 2149 1442 2196 aeque
1462 2168 1479 2192 ‚

19 2214 25 2219 “
94 2233 153 2268 ac
186 2227 547 2266 extraneorum
585 2217 928 2285 impopulatio
956 2214 1251 2265 notabiliter
1273 2204 1481 2281 promo·

12 2343 17 2348 .
57 2316 59 2318 ·
93 2295 291 2355 venda,
329 2295 546 2364 proinde
583 2313 678 2364 per
724 2299 973 2360 majorem
1019 2298 1474 2363 'consumptionem

94 2390 375 2447 proventus
408 2381 560 2425 etiam
608 2378 948 2426 Dominorum
1005 2380 1350 2437 terrestrium,
1421 2377 1474 2423 in

92 2469 307 2524 quorum
340 2458 483 2527 bonis
519 2456 1031 2521 fodinaercolentur,
1068 2469 1154 2506 aut
1202 2459 1288 2522 qui
1334 2455 1471 2504 bona

6 2574 18 2580 r
92 2538 280 2589 fodinis
314 2538 605 2588 adt-icinata
634 2537 917 2606 possident,
936 2538 1227 2609 notabiliter
1251 2535 1471 2604 augendi

95 2633 225 2671 sunt.
301 2622 499 2688 Quibus
533 2619 761 2680 accedit,
798 2618 937 2685 quod
968 2624 1075 2687 ipsa
1106 2616 1356 2686 producta
1399 2616 1475 2665 fo·

91 2703 282 2754 dinalia
319 2719 421 2751 non
485 2714 798 2770 postremum
848 2700 1160 2750 commercii
1212 2699 1470 2764 objectum

88 2783 395 2835 constituant
420 2819 435 2846 ,
472 2800 567 2853 per
597 2799 808 2850 quorum
844 2779 911 2833 ad
942 2792 1136 2831 exteras
1176 2781 1468 2848 provincias

1061 2862 1105 2912 B
1124 2861 1156 2912 b
1194 2879 1225 2925 ,3
