1690 3016
147 157 243 202 300
627 184 629 186 μ
652 150 1025 192 marm

150 276 215 283 —-—
286 278 351 285 --
424 251 637 317 Sylloge
663 268 933 309 numorum
969 255 1243 304 uncialium
1269 253 1519 305 Lubecae.

222 333 362 390 1698.
402 349 449 390 4.
1027 395 1030 399 4

151 411 393 485 Momzois
419 429 482 459 en
511 411 584 460 Or
616 411 684 462 du
712 412 926 463 Cabinet
955 416 1087 482 Imp.
1109 432 1137 464 a
1169 414 1361 464 Vienne
1397 431 1521 465 avec

217 495 395 560 Suppl.
436 493 634 559 Viennxe
668 494 941 558 1759—69.
979 497 1069 548 fol.
1099 512 1234 548 max.

148 604 214 612 -—
285 605 347 611 «-
423 594 484 626 en
514 577 722 644 Argent.
754 578 947 628 ibidem
979 581 1120 641 1769.
1153 579 1244 628 fol.
1269 597 1402 629 max.
1421 577 1522 631 Au-

132 716 153 721 ‘-
217 669 326 706 etot·
354 658 441 704 Du
487 661 599 706 Val.
648 715 654 724 ι
806 714 813 720 ,

154 742 422 787 Μᾶίηιαηη
457 739 603 804 (Joa.
618 738 642 802 )
657 739 962 808 *Apparatus
980 745 1356 792 numismatum.
1378 739 1523 807 Lips-

220 838 257 869 s.
294 837 338 868 a.
376 825 426 869 in
456 829 503 874 8.-
529 838 678 883 germ.
801 829 805 832 ’

155 904 312 948 Numi
340 902 674 970 triumphales
702 901 791 951 sub
826 902 1099 970 Leopoldo
1124 903 1163 951 Ι.
1205 913 1252 950 et
1294 901 1520 970 Josepho

217 984 254 1031 I.
292 1001 407 1032 cum
437 985 682 1036 iconibus.
726 985 955 1036 Viennae
991 997 1136 1049 1705.
1168 988 1219 1033 in
1259 1001 1333 1036 12.
1363 1035 1365 1037 ,

151 1093 215 1098 -
284 1093 348 1099 *-
421 1066 591 1116 Caroli
646 1066 734 1115 VI.
781 1078 829 1116 et
888 1066 1211 1116 Elisabethae
1230 1107 1245 1129 ,
1300 1066 1529 1114 Viennae

222 1150 359 1205 cusi,
397 1147 621 1221 brevitet·
651 1147 892 1216 descripti
930 1166 1046 1197 cum
1064 1148 1310 1198 iconibuS.
1328 1143 1529 1196 Ibidem

226 1239 368 1283 1728.
407 1233 454 1277 in
494 1239 552 1284 8..

152 1310 330 1356 Palma
360 1310 579 1373 (Franc.
618 1310 775 1372 Car.)
811 1310 1087 1358 Heraldica
1106 1310 1272 1376 Hung.
1298 1308 1525 1360 vindob.

227 1391 369 1448 1706.
402 1394 452 1439 in
481 1405 527 1444 4.
558 1408 672 1439 cum
707 1391 876 1440 Tabb.
907 1395 1059 1439 etiam
1086 1390 1339 1440 Numism.

151 1498 217 1505 -—
290 1499 353 1506 -—·
424 1472 770 1539 Abhandlung
797 1491 848 1522 v.
882 1472 981 1520 den
1008 1471 1188 1531 Titejn
1217 1471 1323 1520 und
1367 1473 1529 1541 Wap-
1628 1506 1630 1509 v

154 1570 272 1620 pen.
309 1580 375 1587 --
412 1554 594 1603 Vienn.
637 1571 778 1617 1774.
809 1557 860 1602 in
895 1558 939 1604 8.
973 1554 1057 1602 ubi
1091 1565 1140 1602 et
1164 1553 1358 1603 Numus
1387 1571 1527 1603 coro-

220 1638 438 1683 nationis
468 1636 785 1684 Posoniensis
814 1635 1077 1682 Matthiae
1109 1638 1188 1682 II.
1231 1635 1527 1685 illustratur.

151 1716 481 1777 Pejachevich
516 1716 733 1780 (Franc.
762 1716 934 1777 Xav.)
970 1717 1318 1766 Hist.Serviae
1345 1716 1526 1779 (Numi

219 1798 420 1859 Vrosii‚
460 1799 626 1848 Caroli
658 1800 790 1850 Rob.
823 1786 974 1861 cet.)
998 1799 1219 1849 Colocae
1259 1807 1399 1859 1799.
1433 1798 1524 1849 fol.

160 1881 574 1942 Quartalschrifi?
607 1882 845 1930 Siebenb.
859 1881 929 1928 VI
946 1879 1145 1931 Bande.
1164 1879 1528 1929 Hermanstadt

230 1972 509 2025 1790—-98,
542 1967 591 2011 in
630 1971 675 2016 8.
714 1965 770 2011 In
811 1962 878 2012 T.
913 1963 998 2010 ΙΙΙ.
1035 1961 1230 2010 Numus
1263 1960 1527 2016 Anti-Ra-

225 2042 488 2092 kocianus.
524 2072 590 2078 —-
627 2043 914 2111 Erkl'arung
950 2043 1040 2093 der
1079 2041 1403 2092 Buchstaben
1444 2040 1537 2091 auf

228 2124 558 2195 Siebenbiirg.
592 2126 834 2182 Miiuzen.
868 2124 937 2173 T.
967 2125 1030 2174 V.
1062 2142 1112 2191 p.
1147 2125 1432 2184 333'--336.
1478 2141 1481 2145 ¹

55 2194 59 2197 ¹
158 2205 375 2254 Riedner
409 2196 608 2270 (Geor.
646 2206 803 2270 Nic.)
840 2204 1188 2255 Verzeichniss
1214 2204 1266 2254 d.
1294 2221 1346 2252 v.
1402 2205 1527 2266 1679

225 2302 446 2353 -1775.
477 2293 528 2339 in
548 2290 818 2356 Nurnberg
840 2296 1121 2357 gepragten
1155 2287 1266 2337 hist.
1279 2288 1528 2335 Miinzen.

227 2369 498 2439 Nurnberg
544 2373 688 2428 1776.
726 2388 772 2427 4.
984 2403 986 2405 >

161 2452 372 2500 Rasnak
420 2452 657 2517 (Mart.)
714 2453 778 2502 de
828 2452 1126 2520 imaginibus
1182 2451 1437 2516 Deiparae
1476 2449 1528 2498 in
1569 2479 1571 2482 -

231 2535 409 2585 Numis
445 2537 778 2604 Hungaricis,
827 2545 960 2583 extat
1009 2535 1060 2582 in
1111 2530 1330 2581 editione
1375 2531 1531 2579 altera

231 2617 383 2682 Xysti
426 2614 602 2667 Schier
648 2617 710 2665 de
762 2614 1082 2666 Bibliotheca
1123 2610 1347 2661 Budensi
1398 2613 1532 2660 Mat-

233 2697 365 2747 thiae
400 2698 628 2749 Corvini.
667 2698 851 2748 Vienn.
888 2696 1030 2755 1766.
1059 2698 1109 2743 in
1145 2711 1193 2755 4·
