1690 3016
161 143 264 217 ,326
651 135 1024 199 maon*-
1183 145 1222 205 {L-
1241 144 1251 208 ζ

748 360 753 363 .
790 312 906 368 ΧΠ.

163 461 288 515 Idem
322 462 422 505 Rex
449 461 608 505 eodem
640 473 758 504 anno
787 449 1001 515 prohibet
1030 459 1204 516 plumbi
1231 460 1538 515 venditiones,
1597 441 1601 449 f

275 541 317 574 et
347 543 448 571 curn
477 529 636 572 eodem
662 531 997 582 negotiationes
1039 532 1134 572 sine
1171 529 1362 575 ,indultu
1391 525 1540 574 Comi-

272 608 370 645 tum
394 599 660 643 urburarum
690 608 734 645 et
763 603 961 645 cusionis
988 609 1285 645 monetarum.

306 739 611 792 LAmsLAvs
654 739 751 790 Dei
784 737 960 791 Gratia
1000 740 1322 808 Hungariae,
1376 737 1542 789 Bohee

160 821 325 878 miae,
365 821 679 881 Dalmatiae,
717 818 950 870 Croatiae
976 832 1070 871 cet.
1107 821 1247 885 Rex,
1272 815 1542 871 Austriae-

164 917 264 966 que
300 910 347 951 et
384 901 580 968 Styriae
638 902 779 960 Dux,
817 915 910 951 nec
944 917 1048 952 non
1091 891 1324 953 Marchio
1367 901 1544 950 Mora·

159 984 272 1034 viae
303 993 398 1031 etc,
470 981 729 1034 Fidelibus
761 985 943 1033 nostris
975 985 1222 1034 universis
1237 992 1341 1042 ‚vet
1372 983 1542 1046 singu-

157 1062 220 1115 lis
265 1065 485 1127 cujusvis
528 1075 719 1122 statuS,
772 1076 821 1116 et
874 1063 1177 1114 conditionis
1219 1061 1545 1127 hominibus,-

158 1146 340 1212 quibus
373 1158 662 1215 praesentes
707 1145 1058 1213 ostenduntur,
1095 1147 1319 1197 Salutem
1347 1154 1395 1195 et
1413 1142 1545 1192 Gra-

156 1228 297 1277 tiam.
372 1227 521 1278 Certa
550 1229 798 1279 relatione
831 1227 1100 1278 didicimus
1121 1269 1136 1292 ‚
1170 1229 1390 1293 qualiter
1429 1225 1538 1294 ple-

155 1310 296 1372 rique
331 1321 498 1361 essent
532 1328 593 1361 ex
623 1311 803 1369 vobis,
843 1315 925 1375 qui
957 1323 1160 1377 praeter
1196 1312 1535 1373 voluntatem,

154 1406 215 1441 ao
253 1393 579 1443 annuentiam
614 1391 872 1443 Comitum
907 1392 1241 1451 urburarum,
1282 1403 1330 1440 et
1375 1393 1538 1441 cusio-

95 1491 100 1497 ·
152 1473 230 1521 nis
265 1483 586 1525 monetarum
619 1472 866 1524 Gamerae
901 1484 1101 1525 nostrae
1132 1473 1538 1533 Cremnriciensis,

152 1562 238 1602 aut
272 1551 552 1605 eorundem
595 1552 889 1605 officialium
932 1571 1029 1624 pro
1074 1564 1306 1622 tempore
1348 1555 1537 1623 'consti-

46 1640 91 1675 ’-
150 1643 405 1692 tutorum,
467 1634 735 1703 plumbum
795 1632 1081 1685 venditioni
1138 1649 1424 1704 exponere,
1476 1651 1535 1684 ac

151 1728 268 1763 cum
302 1711 486 1765 eodem
520 1712 745 1766 diversas
784 1713 902 1766 hino
949 1713 1069 1766 inde
1123 1715 1308 1766 assueti
1358 1717 1532 1767 essetis

150 1792 318 1845 facere
359 1799 759 1862 negotiationes,
797 1808 846 1847 et
875 1812 1145 1860 exercere,
1183 1793 1320 1863 quod
1358 1799 1409 1846 in
1441 1813 1534 1846 no-

150 1875 360 1927 tabilem
395 1875 783 1930 diminutionem
840 1889 1183 1946 proventuum
1239 1875 1532 1942 hujusmodi

151 1954 399 2007 Gamerae
428 1971 626 2009 nostrae
659 1947 1049 2016 Cremnicensis,
1084 1954 1428 2021 damnumque
1459 1952 1532 2006 di-

149 2047 347 2088 ctorum
383 2036 672 2099 Comitum,
710 2051 759 2090 et
789 2037 1103 2091 Officialium
1122 2033 1401 2088 eorundem
1425 2053 1530 2098 ma·

149 2118 388 2169 nifestum
423 2117 606 2170 cedere
641 2118 823 2171 dicitur
860 2119 1140 2170 evidenter.
1216 2115 1368 2185 Quod
1412 2132 1530 2167 cum

148 2214 247 2251 nos
283 2197 337 2251 id
371 2201 423 2251 in
455 2210 601 2250 antea
632 2203 739 2251 fleri
778 2202 922 2251 nullo
954 2199 1109 2250 modo
1137 2191 1375 2261 uelimus,
1409 2195 1526 2248 ideo

147 2277 408 2332 Fidelitati
438 2293 636 2332 vestrae
654 2281 1008 2334 Universitatis
1035 2292 1085 2331 et
1103 2290 1325 2332 vestrum
1357 2293 1530 2344 quem·

146 2360 273 2414 libet
300 2360 477 2413 harum
516 2366 642 2416 serie
683 2357 895 2414 firmiter
924 2364 1290 2433 praecipientes
1323 2356 1533 2409 manda·-

147 2460 292 2500 mus,
330 2453 575 2508 quatenus
609 2459 638 2494 a
677 2442 832 2494 modo
857 2442 1098 2512 deinceps
1121 2440 1287 2492 nullus
1319 2441 1527 2490 omnino

145 2534 374 2574 vestrum
403 2523 691 2587 hujusmodi
728 2524 1000 2594 plumbum
1028 2527 1135 2573 sine
1173 2523 1319 2584 scitu,
1351 2521 1532 2571 volun-

146 2612 278 2662 tate,
317 2608 721 2671 annuentia111e‚
758 2616 807 2655 et
837 2607 1172 2675 permissione
1214 2601 1414 2654 Fidelis
1437 2617 1528 2652 no·

146 2685 232 2736 stri
269 2685 538 2755 Magnifici
578 2685 1064 2739 ConradiHolczler
1089 2686 1320 2754 Magistri
1361 2681 1531 2786 {iuba-
