1690 3016
173 217 276 269 354
386 239 393 252 =
670 203 1048 255 wem

175 312 459 366 eductionis
489 313 683 378 argenti
703 313 969 358 commissa
987 309 1214 367 fuissent,
1234 324 1350 357 cum
1376 319 1545 359 tamen

176 399 303 450 nihil
332 399 522 462 argenti
555 412 656 444 non
688 398 792 443 cusi
824 393 962 462 apud
994 410 1080 442 eos
1111 403 1368 459 repertum
1401 389 1548 450 esset,

124 516 128 519 -
175 480 312 533 unde
351 464 721 546 supplicatione
755 492 930 525 eorum
964 475 1139 524 humili
1170 472 1385 541 accepta
1409 474 1553 522 nolu-

171 580 286 614 mus
308 603 324 625 ‚
361 573 416 610 ut
447 563 543 627 ipsi
569 557 764 608 Subditi
795 562 974 621 nostri,
1013 568 1062 605 et
1086 557 1441 628 Sere-nissimae
1455 555 1557 603 Re-

174 650 321 715 ginae
360 646 560 693 Mimas
597 644 790 692 Sororis
843 653 1044 690 nostrae
1095 640 1429 692 charissimae*
1456 638 1553 687 hac

175 730 494 788 calamitate,
533 735 581 773 et
615 727 944 791 oppressione
980 721 1305 780 adficiantur3
1369 719 1554 789 horum

173 814 309 861 enim
352 810 778 856 Montanistarum
809 816 1103 854 nostrorum
1135 804 1398 870 oppressio
1446 817 1552 851 non

174 892 314 944 aliud
354 895 514 960 parit,
554 907 703 955 quam
730 891 1095 938 Montanarum
1130 889 1345 943 ruinam,
1377 889 1552 934 totius-

172 995 269 1043 que
305 977 503 1043 Regni,
542 985 803 1028 nostrum‚
844 984 895 1032 et⁴
923 971 1090 1020 dictae
1118 970 1312 1020 Sororis
1347 979 1550 1019 nostrae

175 1059 446 1117 damnumg
483 1054 865 1125 providendum
892 1052 1098 1119 quidem
1130 1064 1235 1113 est,
1281 1064 1331 1102 et
1377 1052 1551 1115 obser-

117 1201 121 1205 *
171 1139 401 1189 vandum
435 1142 485 1187 in
518 1134 643 1186 locis
676 1135 741 1186 ad
784 1135 836 1183 id
865 1138 1194 1196 necessariis,
1232 1146 1280 1184 et
1308 1139 1436 1202 aptis
1487 1152 1551 1184 ne

170 1232 438 1288 argentum
491 1218 762 1277 educatur,
820 1229 868 1265 et
907 1221 947 1266 si
997 1221 1107 1281 quis
1163 1220 1211 1266 in
1264 1220 1375 1284 ipso
1413 1215 1548 1265 facto
1577 1255 1579 1257 .

173 1321 287 1351 cum
327 1313 534 1368 argento
586 1317 689 1349 non
752 1317 872 1349 cuso
921 1298 1352 1365 deprehenditur,
1409 1302 1553 1351 casti÷

168 1381 366 1451 gandus
403 1384 554 1430 etiam
596 1383 831 1445 estjttxta
864 1381 1170 1438 Decretum,
1212 1378 1302 1428 sed
1326 1395 1429 1427 non
1458 1396 1550 1445 per

169 1482 318 1515 neces
354 1474 504 1528 atque
532 1461 915 1511 trucidationes,
988 1462 1319 1527 Quapropter
1353 1458 1443 1508 tibi
1471 1461 1554 1508 fir-

169 1551 316 1597 miter
362 1546 753 1602 committimus,
801 1553 850 1590 et
902 1540 1243 1600 mandamus,
1304 1553 1549 1606 quatenus

171 1631 402 1695 captivos
430 1625 547 1673 illos
586 1622 814 1671 subditos
843 1634 1044 1671 nostros
1075 1626 1267 1672 vstatim
1327 1624 1552 1688 acceptis

169 1706 558 1777 praesentibus„
595 1708 836 1752 restitutis
867 1706 936 1752 eis
970 1707 1164 1770 integre
1193 1707 1552 1772 pecuniis-'eo-

167 1807 314 1848 rum·‚
353 1799 400 1836 et
434 1788 583 1835 rebus
618 1787 798 1850 quibus
841 1788 1025 1852 privati
1054 1796 1183 1848 sunt,
1211 1784 1275 1835 ad
1320 1783 1422 1834 fide
1446 1787 1549 1850 Jus-

171 1875 355 1938 soriam
395 1872 713 1925 santionem,
762 1865 899 1931 quod
941 1884 992 1916 se
1035 1871 1320 1936 suspicione
1371 1879 1550 1917 contra

168 1972 258 2004 eos
297 1961 546 2016 concepta
574 1949 659 1997 ubi
691 1965 821 2015 opus
850 1947 1033 2014 fuerit«,
1073 1949 1455 2020 expurgabam,
1494 1951 1551 2001 li-

168 2036 321 2086 beros
365 2031 618 2079 dimittere
651 2028 840 2078 debeas
873 2042 921 2078 et
945 2035 1179 2094 tenearis,
1206 2046 1265 2079 ac
1296 2029 1360 2079 de
1381 2032 1550 2082 cetero

170 2118 308 2182 ipsos
345 2109 575 2159 subditos
607 2122 804 2159 nostros
825 2149 839 2170 ,
878 2129 936 2159 ac
965 2112 1327 2161 Serenissimae
1355 2111 1548 2161 Sororis

171 2206 376 2249 nostrae
410 2193 519 2248 his,
585 2204 633 2242 et
686 2192 932 2242 similibus
995 2193 1366 2244 calamitatibus
1405 2195 1550 2243 nullo

168 2274 327 2327 modo
356 2274 580 2331 afficias,
619 2271 925 2339 afficereque
966 2279 1257 2343 permittas:
1296 2292 1413 2323 nam
1445 2276 1553 2324 cei-2

171 2369 267 2409 tus
286 2362 386 2420 sis,
425 2354 565 2420 quod
587 2355 640 2405 id
671 2373 765 2405 nec
797 2372 824 2404 a
857 2368 942 2414 te,
982 2373 1075 2405 nec
1107 2356 1170 2405 ab
1192 2355 1302 2404 aliis
1332 2357 1459 2404 fieri
1455 2372 1557 2422 pa-

171 2446 372 2491 tiemur.
447 2438 604 2487 Aliud
667 2441 820 2503 igitur
868 2437 1036 2486 facere
1093 2454 1194 2486 non
1239 2452 1548 2504 praesumas.

172 2515 526 2572 Praesentibus
552 2520 793 2583 perlectis
821 2518 1076 2569 exhibenti
1095 2520 1347 2582 restitutis.
1362 2514 1551 2572 Datum

174 2603 368 2675 Pragae
400 2610 479 2656 28·
503 2599 620 2649 Julii
654 2616 787 2653 anno
820 2597 1029 2650 Domini
1066 2608 1208 2664 1544.
1546 2589 1548 2591 ’
