1690 3016
594 197 977 244 -Φ-οοωοοιφ-
1141 223 1143 225 v
1367 187 1487 253 391‘

86 296 251 351 §emet
280 300 733 352 cum'investitura
762 313 792 348 a
818 296 986 364 Regio
1016 296 1205 348 Officio
1227 309 1474 348 montano

63 390 302 447 accepta
334 379 560 429 culturae
586 377 878 443 fodinarum
915 383 1277 447 accingentes,
1336 383 1389 428 vi
1423 390 1475 429 et

86 463 322 532 potentia
354 459 613 511 mediante
653 458 957 528 dispellunt,
985 458 1155 510 autad
1185 459 1332 510 sedes
1360 476 1478 509 suas

10 587 17 593 .
89 542 382 596 dominales
417 545 563 592 citari
601 541 828 607 faciunt,
862 543 963 592 alii>
984 558 1110 592 vero
1137 542 1325 608 absque
1348 544 1481 607 ejus-

89 622 237 676 modi
265 624 575 674 Investitura
601 626 963 685 montanistica
982 626 1034 671 in
1072 625 1338 672 territoriis
1376 626 1477 670 suis

88 709 257 758 varias
317 702 520 753 fodinas
559 703 712 766 ferri,
773 721 834 755 ac
876 704 1093 753 aliorum
1146 704 1478 753 metallorum

92 790 306 859 propria
343 784 608 836 dumtaxat
635 785 940 836 authoritate
972 785 1176 857 colunt,
1213 783 1482 834 urbm-am-

92 887 192 938 que
217 869 411 937 Regiae
438 870 722 934 MaJestatis
759 886 822 918 ex
846 871 1102 919 universis
1140 866 1361 919 metallis
1414 865 1482 915 de

93 953 212 1020 lege
239 951 409 1019 Regni
436 962 817 1020 competentem
860 949 1157 1018 denegant,
1187 966 1247 1000 ac
1272 960 1480 1000 eatenus

96 1046 263 1090 semet
285 1038 517 1102 praecise
547 1050 640 1083 usu
674 1038 886 1099 antiquo
917 1044 1137 1084 tuentur.

233 1114 366 1166 Cum
401 1127 571 1165 autem
599 1119 653 1164 in
683 1114 864 1164 ordine
895 1112 963 1164 ad
989 1128 1078 1173 ea,
1113 1128 1243 1179 quae
1271 1128 1365 1180 per
1394 1126 1485 1178 po-

100 1202 279 1249 sitivas
302 1197 470 1264 Regni
491 1198 641 1267 ,leges
671 1214 767 1264 pro
796 1196 1075 1263 Regalibus
1111 1197 1297 1244 summi
1320 1204 1485 1251 terrae

100 1280 355 1349 Principis
385 1295 416 1328 a
447 1278 653 1328 Corona
682 1279 858 1347 Regni
884 1278 1023 1328 nulla
1053 1282 1251 1326 ratione
1283 1287 1487 1342 separa-

97 1361 287 1415 bilibus
318 1364 587 1412 constituta
614 1372 769 1418 sunt,
804 1377 924 1410 usus
951 1360 1304 1424 quamcunque
1334 1356 1486 1421 'longi

103 1445 355 1516 temporis
382 1444 579 1491 nemini
614 1439 879 1508 suffragari
903 1444 1088 1509 possit,
1113 1452 1187 1488 ast
1216 1454 1334 1509 usus
1359 1439 1488 1499 ejus-

102 1524 288 1577 modi
277 1543 329 1574 ln
361 1524 641 1573 obversum
664 1522 689 1569 J
696 1540 863 1573 urium
881 1523 1063 1572 Sacrae
1084 1503 1356 1582 Coronae,
1393 1535 1484 1586 po·

106 1610 478 1670 sitivarumque
509 1604 676 1671 Regni
691 1603 863 1669 legum
878 1599 1242 1660 introductus,
1279 1617 1373 1667 pro
1406 1598 1491 1647 ab·

106 1705 201 1740 usu
223 1698 555 1754 ‘quantocyus
586 1683 817 1736 tollendo
844 1681 1247 1733 considerandus
1282 1685 1376 1740 sit3

242 1770 376 1820 Hinc
401 1779 454 1816 ut
483 1778 627 1834 parte
663 1785 725 1814 ex
763 1783 860 1814 una
895 1764 984 1816 Jus
1012 1763 1206 1831 Regale
1242 1765 1494 1814 montani·

111 1854 294 1904 sticum
322 1850 537 1905 omnino
567 1847 798 1896 illaesum
816 1882 833 1904 ,
872 1857 921 1895 et
949 1845 1011 1895 ab
1063 1842 1458 1894 involationibus
1477 1878 1493 1902 ‚

109 1928 623 1999 usurpationibusque
663 1930 961 1992 quorumvis
1013 1937 1176 1976 tutum
1224 1940 1495 1974 conserve-

112 2025 228 2074 tur,
262 2023 409 2080 parte
458 2027 586 2062 vero
634 2028 696 2060 ex
741 2008 899 2060 altera
945 2007 1150 2059 Juribus
1198 2009 1351 2056 etiam
1369 2041 1386 2066 ,
1444 2016 1496 2054 et

113 2095 484 2164 praerogativis
545 2089 780 2147 fidelium
825 2091 1086 2148 Statuam,
1143 2099 1195 2138 et
1238 2084 1497 2137 Ordinum

115 2177 283 2243 Regni
310 2174 636 2240 Hungariae,
688 2171 1013 2236 Partiumque
1075 2167 1246 2220 eidem
1283 2165 1500 2221 adnexa-

43 2303 48 2321 ι
114 2271 229 2304 rum
251 2292 268 2316 ,
302 2253 485 2321 quibus
518 2271 612 2322 per
639 2263 933 2322 praesentes
963 2268 1058 2301 neo
1087 2254 1140 2299 in
1170 2249 1385 2298 minimo
1412 2244 1499 2295 de·

120 2347 350 2404 rogatum
386 2353 528 2395 esse,
564 2331 845 2384 clementer
872 2333 984 2385 vult
1017 2334 1117 2384 Sua
1156 2332 1403 2395 Maiestas
1421 2329 1502 2378 Sa-

121 2422 434 2482 cratissima‚
471 2433 585 2466 suus
624 2426 815 2484 perstet
861 2419 1041 2483 vigor,
1109 2425 1160 2463 et
1201 2416 1502 2480 integritas,

122 2499 329 2547 altefata
372 2500 473 2548 Sua
508 2499 753 2562 Majestas
804 2498 1155 2554 Sacratissima
1206 2497 1503 2565 sequentia,

106 2580 278 2629 .salvis
307 2595 461 2644 usque
479 2579 773 2627 ulteriorem
795 2577 1083 2646 Benignam
1110 2574 1506 2644 dispositionem

123 2658 342 2726 Regiam
374 2658 545 2725 quoad
578 2658 821 2708 Civitates
866 2659 1183 2715 Montanas,
1233 2654 1510 2724 oppidum-
1570 2651 1575 2659 ’

126 2757 223 2808 que
258 2741 410 2792 Felso
439 2741 651 2808 Banya,
691 2743 838 2792 annis
870 2752 1013 2803 1747.
1069 2744 1216 2797 1764;
1268 2749 1319 2787 et
1368 2741 1511 2796 1766.

1093 2819 1139 2869 B
1160 2819 1189 2867 b
1227 2830 1259 2873 4
