<?xml version="1.0" encoding="UTF-8"?>
<!DOCTYPE html PUBLIC "-//W3C//DTD XHTML 1.0 Transitional//EN"
    "http://www.w3.org/TR/xhtml1/DTD/xhtml1-transitional.dtd">
<html xmlns="http://www.w3.org/1999/xhtml" xml:lang="en" lang="en">
 <head>
  <title>
</title>
<meta http-equiv="Content-Type" content="text/html;charset=utf-8" />
  <meta name='ocr-system' content='tesseract 3.04.00' />
  <meta name='ocr-capabilities' content='ocr_page ocr_carea ocr_par ocr_line ocrx_word'/>
</head>
<body>
  <div class='ocr_page' id='page_1' title='image "./catalogusnumorum03budauoft_0325.png"; bbox 0 0 1690 3016; ppageno 0'>
   <div class='ocr_carea' id='block_1_1' title="bbox 595 229 1475 283">
    <p class='ocr_par' dir='ltr' id='par_1_1' title="bbox 595 229 1475 283">
     <span class='ocr_line' id='line_1_1' title="bbox 595 229 1475 283; baseline -0.005 -15"><span class='ocrx_word' id='word_1_1' title='bbox 595 233 973 283; x_wconf 54' lang='lat' dir='ltr'>mma-‹2:4-</span> <span class='ocrx_word' id='word_1_2' title='bbox 1379 229 1440 281; x_wconf 77' lang='lat'>32</span> <span class='ocrx_word' id='word_1_3' title='bbox 1452 231 1475 264; x_wconf 79' lang='lat' dir='ltr'>t</span> 
     </span>
    </p>
   </div>
   <div class='ocr_carea' id='block_1_2' title="bbox 104 325 1523 2767">
    <p class='ocr_par' dir='ltr' id='par_1_2' title="bbox 104 325 1523 2767">
     <span class='ocr_line' id='line_1_2' title="bbox 104 325 1478 394; baseline -0.008 -9"><span class='ocrx_word' id='word_1_4' title='bbox 104 337 295 385; x_wconf 84' lang='lat' dir='ltr'>riorum</span> <span class='ocrx_word' id='word_1_5' title='bbox 331 343 618 382; x_wconf 89' lang='lat' dir='ltr'>nostrorum</span> <span class='ocrx_word' id='word_1_6' title='bbox 652 327 820 379; x_wconf 87' lang='lat' dir='ltr'>edocti</span> <span class='ocrx_word' id='word_1_7' title='bbox 856 344 1060 387; x_wconf 83' lang='lat' dir='ltr'>sumus,</span> <span class='ocrx_word' id='word_1_8' title='bbox 1106 325 1339 394; x_wconf 85' lang='lat' dir='ltr'><strong>Regnum</strong></span> <span class='ocrx_word' id='word_1_9' title='bbox 1387 344 1478 376; x_wconf 92' lang='lat' dir='ltr'>no-</span> 
     </span>
     <span class='ocr_line' id='line_1_3' title="bbox 105 409 1481 481; baseline -0.008 -15"><span class='ocrx_word' id='word_1_10' title='bbox 105 430 264 467; x_wconf 86' lang='lat' dir='ltr'>strum</span> <span class='ocrx_word' id='word_1_11' title='bbox 301 416 624 481; x_wconf 88' lang='lat' dir='ltr'>Hungariae,</span> <span class='ocrx_word' id='word_1_12' title='bbox 691 423 740 461; x_wconf 93' lang='lat' dir='ltr'>et</span> <span class='ocrx_word' id='word_1_13' title='bbox 785 413 892 475; x_wconf 86' lang='lat' dir='ltr'>ejus</span> <span class='ocrx_word' id='word_1_14' title='bbox 943 409 1283 476; x_wconf 78' lang='lat' dir='ltr'><strong>Respublica,</strong></span> <span class='ocrx_word' id='word_1_15' title='bbox 1352 411 1481 456; x_wconf 81' lang='lat' dir='ltr'>sicut</span> 
     </span>
     <span class='ocr_line' id='line_1_4' title="bbox 107 490 1479 557; baseline -0.007 -10"><span class='ocrx_word' id='word_1_16' title='bbox 107 517 168 547; x_wconf 84' lang='lat' dir='ltr'>ex</span> <span class='ocrx_word' id='word_1_17' title='bbox 207 503 354 547; x_wconf 84' lang='lat' dir='ltr'>certis</span> <span class='ocrx_word' id='word_1_18' title='bbox 401 501 452 546; x_wconf 91' lang='lat' dir='ltr'>in</span> <span class='ocrx_word' id='word_1_19' title='bbox 499 494 670 544; x_wconf 78' lang='lat' dir='ltr'>no&#39;stra</span> <span class='ocrx_word' id='word_1_20' title='bbox 733 492 956 542; x_wconf 89' lang='lat' dir='ltr'>absentia</span> <span class='ocrx_word' id='word_1_21' title='bbox 1016 490 1186 540; x_wconf 89' lang='lat' dir='ltr'>eidem</span> <span class='ocrx_word' id='word_1_22' title='bbox 1245 494 1479 557; x_wconf 88' lang='lat' dir='ltr'>ingruen-</span> 
     </span>
     <span class='ocr_line' id='line_1_5' title="bbox 105 572 1481 638; baseline -0.007 -9"><span class='ocrx_word' id='word_1_23' title='bbox 105 582 237 628; x_wconf 87' lang='lat' dir='ltr'>tibus</span> <span class='ocrx_word' id='word_1_24' title='bbox 282 580 461 638; x_wconf 79' lang='lat' dir='ltr'>ma&#39;lis,</span> <span class='ocrx_word' id='word_1_25' title='bbox 515 582 585 627; x_wconf 90' lang='lat' dir='ltr'>sic</span> <span class='ocrx_word' id='word_1_26' title='bbox 636 593 739 625; x_wconf 90' lang='lat' dir='ltr'>non</span> <span class='ocrx_word' id='word_1_27' title='bbox 790 579 954 623; x_wconf 82' lang='lat' dir='ltr'>minus</span> <span class='ocrx_word' id='word_1_28' title='bbox 1017 591 1080 622; x_wconf 88' lang='lat' dir='ltr'>ex</span> <span class='ocrx_word' id='word_1_29' title='bbox 1133 572 1307 622; x_wconf 87' lang='lat' dir='ltr'>crebra</span> <span class='ocrx_word' id='word_1_30' title='bbox 1371 587 1481 619; x_wconf 91' lang='lat' dir='ltr'>mu·</span> 
     </span>
     <span class='ocr_line' id='line_1_6' title="bbox 106 658 1479 721; baseline -0.007 -10"><span class='ocrx_word' id='word_1_31' title='bbox 106 666 328 721; x_wconf 78' lang='lat' dir='ltr'>tatione,</span> <span class='ocrx_word' id='word_1_32' title='bbox 395 662 620 719; x_wconf 86' lang='lat' dir='ltr'>vilitate,</span> <span class='ocrx_word' id='word_1_33' title='bbox 691 671 741 709; x_wconf 88' lang='lat' dir='ltr'>et</span> <span class='ocrx_word' id='word_1_34' title='bbox 800 658 1093 708; x_wconf 87' lang='lat' dir='ltr'>diversitate</span> <span class='ocrx_word' id='word_1_35' title='bbox 1160 665 1479 703; x_wconf 83' lang='lat' dir='ltr'>monetarum</span> 
     </span>
     <span class='ocr_line' id='line_1_7' title="bbox 106 741 1484 811; baseline -0.007 -17"><span class='ocrx_word' id='word_1_36' title='bbox 106 744 351 794; x_wconf 79' lang='lat' dir='ltr'>notabilia</span> <span class='ocrx_word' id='word_1_37' title='bbox 393 747 610 811; x_wconf 79' lang='lat' dir='ltr'><strong>suscepit</strong></span> <span class='ocrx_word' id='word_1_38' title='bbox 657 741 879 798; x_wconf 87' lang='lat' dir='ltr'>damna,</span> <span class='ocrx_word' id='word_1_39' title='bbox 951 750 1342 807; x_wconf 75' lang='lat' dir='ltr'>susceptumque</span> <span class='ocrx_word' id='word_1_40' title='bbox 1409 754 1484 785; x_wconf 85' lang='lat' dir='ltr'>es-</span> 
     </span>
     <span class='ocr_line' id='line_1_8' title="bbox 107 817 1483 892; baseline -0.006 -18"><span class='ocrx_word' id='word_1_41' title='bbox 107 839 179 875; x_wconf 89' lang='lat' dir='ltr'>set</span> <span class='ocrx_word' id='word_1_42' title='bbox 202 867 218 889; x_wconf 80' lang='lat'>‚</span> <span class='ocrx_word' id='word_1_43' title='bbox 255 829 346 875; x_wconf 89' lang='lat' dir='ltr'>nisi</span> <span class='ocrx_word' id='word_1_44' title='bbox 376 824 561 891; x_wconf 47' lang='lat' dir='ltr'>⁴eidem</span> <span class='ocrx_word' id='word_1_45' title='bbox 618 828 908 892; x_wconf 84' lang='lat' dir='ltr'>provisione</span> <span class='ocrx_word' id='word_1_46' title='bbox 962 822 1131 871; x_wconf 84' lang='lat' dir='ltr'>debita</span> <span class='ocrx_word' id='word_1_47' title='bbox 1196 817 1483 869; x_wconf 88' lang='lat' dir='ltr'>remedium</span> 
     </span>
     <span class='ocr_line' id='line_1_9' title="bbox 106 899 1485 973; baseline -0.008 -14"><span class='ocrx_word' id='word_1_48' title='bbox 106 907 418 968; x_wconf 80' lang='lat' dir='ltr'>afferremus.</span> <span class='ocrx_word' id='word_1_49' title='bbox 470 908 713 956; x_wconf 85' lang='lat' dir='ltr'>Volentes</span> <span class='ocrx_word' id='word_1_50' title='bbox 748 924 866 973; x_wconf 82' lang='lat' dir='ltr'>ergo</span> <span class='ocrx_word' id='word_1_51' title='bbox 899 907 1352 972; x_wconf 83' lang='lat' dir='ltr'>circumspectione</span> <span class='ocrx_word' id='word_1_52' title='bbox 1400 899 1485 949; x_wconf 89' lang='lat' dir='ltr'>de-</span> 
     </span>
     <span class='ocr_line' id='line_1_10' title="bbox 105 983 1487 1055; baseline -0.007 -15"><span class='ocrx_word' id='word_1_53' title='bbox 105 991 243 1048; x_wconf 91' lang='lat' dir='ltr'>bita,</span> <span class='ocrx_word' id='word_1_54' title='bbox 282 988 715 1055; x_wconf 85' lang='lat' dir='ltr'>quemadmodum</span> <span class='ocrx_word' id='word_1_55' title='bbox 753 989 957 1054; x_wconf 78' lang='lat' dir='ltr'>Regalis</span> <span class='ocrx_word' id='word_1_56' title='bbox 988 991 1146 1035; x_wconf 85' lang='lat' dir='ltr'>nostri</span> <span class='ocrx_word' id='word_1_57' title='bbox 1180 984 1348 1035; x_wconf 66' lang='lat' dir='ltr'>Officii</span> <span class='ocrx_word' id='word_1_58' title='bbox 1399 983 1487 1031; x_wconf 83' lang='lat' dir='ltr'>de-</span> 
     </span>
     <span class='ocr_line' id='line_1_11' title="bbox 106 1069 1487 1137; baseline -0.005 -16"><span class='ocrx_word' id='word_1_59' title='bbox 106 1073 269 1122; x_wconf 87' lang='lat' dir='ltr'>bitum</span> <span class='ocrx_word' id='word_1_60' title='bbox 306 1082 412 1128; x_wconf 87' lang='lat' dir='ltr'>est,</span> <span class='ocrx_word' id='word_1_61' title='bbox 452 1072 650 1119; x_wconf 86' lang='lat' dir='ltr'>utilitati</span> <span class='ocrx_word' id='word_1_62' title='bbox 676 1069 1010 1137; x_wconf 82' lang='lat' dir='ltr'>Reipublicae</span> <span class='ocrx_word' id='word_1_63' title='bbox 1064 1079 1265 1117; x_wconf 89' lang='lat' dir='ltr'>nostrae</span> <span class='ocrx_word' id='word_1_64' title='bbox 1310 1082 1487 1115; x_wconf 87' lang='lat' dir='ltr'>consu-</span> 
     </span>
     <span class='ocr_line' id='line_1_12' title="bbox 106 1147 1487 1218; baseline -0.003 -17"><span class='ocrx_word' id='word_1_65' title='bbox 106 1153 215 1201; x_wconf 84' lang='lat' dir='ltr'>lere</span> <span class='ocrx_word' id='word_1_66' title='bbox 235 1189 250 1211; x_wconf 93' lang='lat'>,</span> <span class='ocrx_word' id='word_1_67' title='bbox 287 1153 415 1200; x_wconf 91' lang='lat' dir='ltr'>sicut</span> <span class='ocrx_word' id='word_1_68' title='bbox 450 1150 653 1218; x_wconf 86' lang='lat' dir='ltr'>pridem</span> <span class='ocrx_word' id='word_1_69' title='bbox 679 1154 958 1200; x_wconf 88' lang='lat' dir='ltr'>constitutis</span> <span class='ocrx_word' id='word_1_70' title='bbox 995 1149 1262 1198; x_wconf 89' lang='lat' dir='ltr'>nobiscum</span> <span class='ocrx_word' id='word_1_71' title='bbox 1283 1147 1487 1197; x_wconf 84' lang='lat' dir='ltr'>Posonii</span> 
     </span>
     <span class='ocr_line' id='line_1_13' title="bbox 110 1228 1488 1298; baseline -0.004 -16"><span class='ocrx_word' id='word_1_72' title='bbox 110 1233 387 1291; x_wconf 87' lang='lat' dir='ltr'>Praelatis,</span> <span class='ocrx_word' id='word_1_73' title='bbox 423 1244 474 1280; x_wconf 91' lang='lat' dir='ltr'>et</span> <span class='ocrx_word' id='word_1_74' title='bbox 505 1232 820 1288; x_wconf 85' lang='lat' dir='ltr'>Baronibus,</span> <span class='ocrx_word' id='word_1_75' title='bbox 856 1248 914 1280; x_wconf 91' lang='lat' dir='ltr'>ac</span> <span class='ocrx_word' id='word_1_76' title='bbox 949 1229 1176 1298; x_wconf 89' lang='lat' dir='ltr'>pluribus</span> <span class='ocrx_word' id='word_1_77' title='bbox 1215 1228 1488 1278; x_wconf 80' lang='lat' dir='ltr'>Nobilibus</span> 
     </span>
     <span class='ocr_line' id='line_1_14' title="bbox 110 1311 1509 1384; baseline -0.004 -21"><span class='ocrx_word' id='word_1_78' title='bbox 110 1317 413 1384; x_wconf 85' lang='lat' dir='ltr'>praescripti</span> <span class='ocrx_word' id='word_1_79' title='bbox 438 1313 603 1381; x_wconf 87' lang='lat' dir='ltr'>Regni</span> <span class='ocrx_word' id='word_1_80' title='bbox 651 1317 806 1363; x_wconf 85' lang='lat' dir='ltr'>nostri</span> <span class='ocrx_word' id='word_1_81' title='bbox 842 1314 1164 1381; x_wconf 85' lang='lat' dir='ltr'>Hungariae‚</span> <span class='ocrx_word' id='word_1_82' title='bbox 1213 1311 1509 1374; x_wconf 32' lang='lat' dir='ltr'>habitaque!</span> 
     </span>
     <span class='ocr_line' id='line_1_15' title="bbox 115 1393 1490 1462; baseline -0.003 -17"><span class='ocrx_word' id='word_1_83' title='bbox 115 1413 232 1445; x_wconf 89' lang='lat' dir='ltr'>cum</span> <span class='ocrx_word' id='word_1_84' title='bbox 286 1398 356 1445; x_wconf 90' lang='lat' dir='ltr'>eis</span> <span class='ocrx_word' id='word_1_85' title='bbox 410 1393 683 1462; x_wconf 87' lang='lat' dir='ltr'>superinde</span> <span class='ocrx_word' id='word_1_86' title='bbox 736 1407 930 1444; x_wconf 90' lang='lat' dir='ltr'>matura</span> <span class='ocrx_word' id='word_1_87' title='bbox 980 1394 1380 1452; x_wconf 87' lang='lat' dir='ltr'>deliberatione,</span> <span class='ocrx_word' id='word_1_88' title='bbox 1437 1403 1490 1442; x_wconf 86' lang='lat' dir='ltr'>et</span> 
     </span>
     <span class='ocr_line' id='line_1_16' title="bbox 116 1477 1488 1546; baseline -0.004 -18"><span class='ocrx_word' id='word_1_89' title='bbox 116 1490 317 1546; x_wconf 86' lang='lat' dir='ltr'>sumpta</span> <span class='ocrx_word' id='word_1_90' title='bbox 348 1477 724 1529; x_wconf 86' lang='lat' dir='ltr'>collaudatione</span> <span class='ocrx_word' id='word_1_91' title='bbox 763 1477 1077 1536; x_wconf 88' lang='lat' dir='ltr'>eorundem,</span> <span class='ocrx_word' id='word_1_92' title='bbox 1115 1494 1274 1526; x_wconf 84' lang='lat' dir='ltr'>novas</span> <span class='ocrx_word' id='word_1_93' title='bbox 1314 1488 1488 1542; x_wconf 82' lang='lat' dir='ltr'>etpa-</span> 
     </span>
     <span class='ocr_line' id='line_1_17' title="bbox 116 1559 1487 1625; baseline -0.001 -16"><span class='ocrx_word' id='word_1_94' title='bbox 116 1577 194 1609; x_wconf 87' lang='lat' dir='ltr'>res</span> <span class='ocrx_word' id='word_1_95' title='bbox 226 1571 455 1609; x_wconf 83' lang='lat' dir='ltr'>monetas</span> <span class='ocrx_word' id='word_1_96' title='bbox 487 1563 536 1607; x_wconf 93' lang='lat' dir='ltr'>in</span> <span class='ocrx_word' id='word_1_97' title='bbox 571 1559 876 1623; x_wconf 89' lang='lat' dir='ltr'>quibuslibet</span> <span class='ocrx_word' id='word_1_98' title='bbox 906 1559 1131 1608; x_wconf 89' lang='lat' dir='ltr'>Cameris</span> <span class='ocrx_word' id='word_1_99' title='bbox 1175 1562 1357 1607; x_wconf 86' lang='lat' dir='ltr'>nostris</span> <span class='ocrx_word' id='word_1_100' title='bbox 1395 1575 1487 1625; x_wconf 89' lang='lat' dir='ltr'>per</span> 
     </span>
     <span class='ocr_line' id='line_1_18' title="bbox 112 1638 1485 1707; baseline -0.001 -18"><span class='ocrx_word' id='word_1_101' title='bbox 112 1652 275 1689; x_wconf 90' lang='lat' dir='ltr'>totum</span> <span class='ocrx_word' id='word_1_102' title='bbox 314 1639 505 1688; x_wconf 90' lang='lat' dir='ltr'>dictum</span> <span class='ocrx_word' id='word_1_103' title='bbox 543 1640 777 1707; x_wconf 83' lang='lat' dir='ltr'>Regnum</span> <span class='ocrx_word' id='word_1_104' title='bbox 818 1652 1048 1690; x_wconf 89' lang='lat' dir='ltr'>nostrum</span> <span class='ocrx_word' id='word_1_105' title='bbox 1076 1642 1364 1707; x_wconf 86' lang='lat' dir='ltr'>Hungariae</span> <span class='ocrx_word' id='word_1_106' title='bbox 1394 1638 1485 1687; x_wconf 83' lang='lat' dir='ltr'>sub</span> 
     </span>
     <span class='ocr_line' id='line_1_19' title="bbox 113 1720 1501 1789; baseline -0.001 -18"><span class='ocrx_word' id='word_1_107' title='bbox 113 1733 250 1787; x_wconf 89' lang='lat' dir='ltr'>certa</span> <span class='ocrx_word' id='word_1_108' title='bbox 280 1722 394 1788; x_wconf 88' lang='lat' dir='ltr'>lega</span> <span class='ocrx_word' id='word_1_109' title='bbox 413 1753 435 1776; x_wconf 77' lang='lat'>,</span> <span class='ocrx_word' id='word_1_110' title='bbox 467 1720 698 1789; x_wconf 89' lang='lat' dir='ltr'>pondere</span> <span class='ocrx_word' id='word_1_111' title='bbox 719 1758 735 1779; x_wconf 79' lang='lat'>,</span> <span class='ocrx_word' id='word_1_112' title='bbox 771 1738 829 1770; x_wconf 92' lang='lat' dir='ltr'>ac</span> <span class='ocrx_word' id='word_1_113' title='bbox 858 1722 1023 1771; x_wconf 86' lang='lat' dir='ltr'>forma</span> <span class='ocrx_word' id='word_1_114' title='bbox 1043 1760 1058 1781; x_wconf 93' lang='lat'>,</span> <span class='ocrx_word' id='word_1_115' title='bbox 1097 1734 1146 1771; x_wconf 91' lang='lat' dir='ltr'>et</span> <span class='ocrx_word' id='word_1_116' title='bbox 1185 1720 1501 1770; x_wconf 85' lang='lat' dir='ltr'>conditioni·&#39;</span> 
     </span>
     <span class='ocr_line' id='line_1_20' title="bbox 111 1801 1491 1869; baseline -0.002 -14"><span class='ocrx_word' id='word_1_117' title='bbox 111 1806 205 1855; x_wconf 93' lang='lat' dir='ltr'>bus</span> <span class='ocrx_word' id='word_1_118' title='bbox 237 1809 287 1854; x_wconf 88' lang='lat' dir='ltr'>in</span> <span class='ocrx_word' id='word_1_119' title='bbox 320 1804 433 1852; x_wconf 86' lang='lat' dir='ltr'>aliis</span> <span class='ocrx_word' id='word_1_120' title='bbox 465 1804 650 1852; x_wconf 84' lang='lat' dir='ltr'>Literis</span> <span class='ocrx_word' id='word_1_121' title='bbox 679 1808 861 1852; x_wconf 89' lang='lat' dir='ltr'>nostris</span> <span class='ocrx_word' id='word_1_122' title='bbox 909 1802 1179 1869; x_wconf 90' lang='lat' dir='ltr'>superinde</span> <span class='ocrx_word' id='word_1_123' title='bbox 1218 1801 1366 1851; x_wconf 88' lang='lat' dir='ltr'>editis</span> <span class='ocrx_word' id='word_1_124' title='bbox 1406 1819 1491 1852; x_wconf 86' lang='lat' dir='ltr'>cx·</span> 
     </span>
     <span class='ocr_line' id='line_1_21' title="bbox 111 1882 1489 1956; baseline -0.003 -21"><span class='ocrx_word' id='word_1_125' title='bbox 111 1889 351 1956; x_wconf 88' lang='lat' dir='ltr'>pressatis</span> <span class='ocrx_word' id='word_1_126' title='bbox 389 1882 648 1933; x_wconf 91' lang='lat' dir='ltr'>cudendas</span> <span class='ocrx_word' id='word_1_127' title='bbox 680 1883 1111 1943; x_wconf 79' lang='lat' dir='ltr'>decreveramus,</span> <span class='ocrx_word' id='word_1_128' title='bbox 1162 1888 1232 1933; x_wconf 91' lang='lat' dir='ltr'>ita</span> <span class='ocrx_word' id='word_1_129' title='bbox 1273 1895 1321 1933; x_wconf 87' lang='lat' dir='ltr'>et</span> <span class='ocrx_word' id='word_1_130' title='bbox 1353 1898 1489 1932; x_wconf 89' lang='lat' dir='ltr'>nunc</span> 
     </span>
     <span class='ocr_line' id='line_1_22' title="bbox 117 1958 1491 2031; baseline -0.004 -14"><span class='ocrx_word' id='word_1_131' title='bbox 117 1967 440 2017; x_wconf 88' lang='lat' dir='ltr'>decernimus</span> <span class='ocrx_word' id='word_1_132' title='bbox 456 1968 750 2031; x_wconf 87' lang='lat' dir='ltr'>praesertim</span> <span class='ocrx_word' id='word_1_133' title='bbox 773 1967 824 2014; x_wconf 91' lang='lat' dir='ltr'>in</span> <span class='ocrx_word' id='word_1_134' title='bbox 846 1965 1060 2014; x_wconf 85' lang='lat' dir='ltr'>Camera</span> <span class='ocrx_word' id='word_1_135' title='bbox 1076 1958 1245 2014; x_wconf 78' lang='lat' dir='ltr'>nostra</span> <span class='ocrx_word' id='word_1_136' title='bbox 1263 1964 1491 2013; x_wconf 88' lang='lat' dir='ltr'>Cremni-</span> 
     </span>
     <span class='ocr_line' id='line_1_23' title="bbox 120 2045 1489 2113; baseline -0.004 -14"><span class='ocrx_word' id='word_1_137' title='bbox 120 2052 290 2099; x_wconf 88' lang='lat' dir='ltr'>ciensi.</span> <span class='ocrx_word' id='word_1_138' title='bbox 363 2046 433 2095; x_wconf 88' lang='lat' dir='ltr'>Ut</span> <span class='ocrx_word' id='word_1_139' title='bbox 468 2049 618 2113; x_wconf 90' lang='lat' dir='ltr'>igitur</span> <span class='ocrx_word' id='word_1_140' title='bbox 656 2046 781 2095; x_wconf 89' lang='lat' dir='ltr'>haec</span> <span class='ocrx_word' id='word_1_141' title='bbox 812 2057 982 2097; x_wconf 87' lang='lat' dir='ltr'>nostra</span> <span class='ocrx_word' id='word_1_142' title='bbox 1026 2045 1290 2113; x_wconf 85' lang='lat' dir='ltr'>dispositio</span> <span class='ocrx_word' id='word_1_143' title='bbox 1340 2062 1489 2094; x_wconf 89' lang='lat' dir='ltr'>suum</span> 
     </span>
     <span class='ocr_line' id='line_1_24' title="bbox 116 2127 1490 2186; baseline -0.005 -6"><span class='ocrx_word' id='word_1_144' title='bbox 116 2135 352 2180; x_wconf 86' lang='lat' dir='ltr'>sortiatur</span> <span class='ocrx_word' id='word_1_145' title='bbox 380 2128 645 2186; x_wconf 83' lang='lat' dir='ltr'>effectum,</span> <span class='ocrx_word' id='word_1_146' title='bbox 682 2129 721 2177; x_wconf 88' lang='lat' dir='ltr'><strong>F</strong></span> <span class='ocrx_word' id='word_1_147' title='bbox 724 2127 936 2178; x_wconf 89' lang='lat' dir='ltr'>idelitati</span> <span class='ocrx_word' id='word_1_148' title='bbox 959 2140 1176 2186; x_wconf 86' lang='lat' dir='ltr'>vestrae,</span> <span class='ocrx_word' id='word_1_149' title='bbox 1203 2138 1250 2176; x_wconf 88' lang='lat' dir='ltr'>et</span> <span class='ocrx_word' id='word_1_150' title='bbox 1283 2127 1490 2175; x_wconf 89' lang='lat' dir='ltr'>cuilibet</span> 
     </span>
     <span class='ocr_line' id='line_1_25' title="bbox 113 2199 1523 2277; baseline -0.006 -15"><span class='ocrx_word' id='word_1_151' title='bbox 113 2225 340 2262; x_wconf 88' lang='lat' dir='ltr'>vestrum</span> <span class='ocrx_word' id='word_1_152' title='bbox 380 2213 690 2260; x_wconf 78' lang='lat' dir='ltr'>strictissime</span> <span class='ocrx_word' id='word_1_153' title='bbox 738 2213 1105 2277; x_wconf 73' lang='lat' dir='ltr'>praecipientes</span> <span class='ocrx_word' id='word_1_154' title='bbox 1153 2199 1523 2267; x_wconf 48' lang='lat' dir='ltr'>mandamus,</span> 
     </span>
     <span class='ocr_line' id='line_1_26' title="bbox 114 2290 1488 2361; baseline -0.004 -16"><span class='ocrx_word' id='word_1_155' title='bbox 114 2306 360 2361; x_wconf 89' lang='lat' dir='ltr'>quatenus</span> <span class='ocrx_word' id='word_1_156' title='bbox 390 2309 420 2342; x_wconf 90' lang='lat' dir='ltr'>a</span> <span class='ocrx_word' id='word_1_157' title='bbox 443 2290 601 2341; x_wconf 90' lang='lat' dir='ltr'>modo</span> <span class='ocrx_word' id='word_1_158' title='bbox 642 2296 695 2342; x_wconf 88' lang='lat' dir='ltr'>in</span> <span class='ocrx_word' id='word_1_159' title='bbox 729 2304 990 2360; x_wconf 88' lang='lat' dir='ltr'>posterum</span> <span class='ocrx_word' id='word_1_160' title='bbox 1019 2293 1274 2361; x_wconf 79' lang='lat' dir='ltr'>praefatas</span> <span class='ocrx_word' id='word_1_161' title='bbox 1312 2308 1488 2340; x_wconf 90' lang='lat' dir='ltr'>mone·</span> 
     </span>
     <span class='ocr_line' id='line_1_27' title="bbox 116 2374 1490 2443; baseline -0.004 -16"><span class='ocrx_word' id='word_1_162' title='bbox 116 2388 191 2427; x_wconf 85' lang='lat' dir='ltr'>tas</span> <span class='ocrx_word' id='word_1_163' title='bbox 216 2387 409 2426; x_wconf 84' lang='lat' dir='ltr'>nostras</span> <span class='ocrx_word' id='word_1_164' title='bbox 449 2374 513 2423; x_wconf 91' lang='lat' dir='ltr'>de</span> <span class='ocrx_word' id='word_1_165' title='bbox 542 2391 679 2424; x_wconf 88' lang='lat' dir='ltr'>novo</span> <span class='ocrx_word' id='word_1_166' title='bbox 711 2381 1007 2443; x_wconf 88' lang='lat' dir='ltr'>praesertim</span> <span class='ocrx_word' id='word_1_167' title='bbox 1041 2379 1091 2424; x_wconf 88' lang='lat' dir='ltr'>in</span> <span class='ocrx_word' id='word_1_168' title='bbox 1110 2374 1244 2424; x_wconf 90' lang='lat' dir='ltr'>dicta</span> <span class='ocrx_word' id='word_1_169' title='bbox 1273 2374 1490 2424; x_wconf 83' lang='lat' dir='ltr'>Camera</span> 
     </span>
     <span class='ocr_line' id='line_1_28' title="bbox 118 2455 1493 2523; baseline -0.002 -16"><span class='ocrx_word' id='word_1_170' title='bbox 118 2469 286 2508; x_wconf 88' lang='lat' dir='ltr'>nostra</span> <span class='ocrx_word' id='word_1_171' title='bbox 321 2457 687 2516; x_wconf 88' lang='lat' dir='ltr'>Cremnicensi,</span> <span class='ocrx_word' id='word_1_172' title='bbox 723 2455 790 2506; x_wconf 88' lang='lat' dir='ltr'>ad</span> <span class='ocrx_word' id='word_1_173' title='bbox 821 2475 973 2522; x_wconf 91' lang='lat' dir='ltr'>quam</span> <span class='ocrx_word' id='word_1_174' title='bbox 998 2474 1090 2507; x_wconf 79' lang='lat' dir='ltr'>vos</span> <span class='ocrx_word' id='word_1_175' title='bbox 1109 2461 1159 2506; x_wconf 89' lang='lat' dir='ltr'>in</span> <span class='ocrx_word' id='word_1_176' title='bbox 1178 2456 1271 2505; x_wconf 72' lang='lat' dir='ltr'>hac</span> <span class='ocrx_word' id='word_1_177' title='bbox 1293 2474 1345 2505; x_wconf 89' lang='lat' dir='ltr'>re</span> <span class='ocrx_word' id='word_1_178' title='bbox 1375 2472 1493 2523; x_wconf 85' lang='lat' dir='ltr'>per·</span> 
     </span>
     <span class='ocr_line' id='line_1_29' title="bbox 116 2536 1487 2605; baseline -0.004 -15"><span class='ocrx_word' id='word_1_179' title='bbox 116 2543 278 2590; x_wconf 83' lang='lat' dir='ltr'>tinere</span> <span class='ocrx_word' id='word_1_180' title='bbox 302 2537 676 2605; x_wconf 85' lang='lat' dir='ltr'>dignoscimus,</span> <span class='ocrx_word' id='word_1_181' title='bbox 715 2537 974 2588; x_wconf 88' lang='lat' dir='ltr'>cudendas</span> <span class='ocrx_word' id='word_1_182' title='bbox 1014 2542 1064 2588; x_wconf 89' lang='lat' dir='ltr'>in</span> <span class='ocrx_word' id='word_1_183' title='bbox 1121 2536 1292 2588; x_wconf 87' lang='lat' dir='ltr'>medio</span> <span class='ocrx_word' id='word_1_184' title='bbox 1331 2540 1487 2586; x_wconf 81' lang='lat' dir='ltr'>vestri</span> 
     </span>
     <span class='ocr_line' id='line_1_30' title="bbox 119 2618 1489 2686; baseline 0 -21"><span class='ocrx_word' id='word_1_185' title='bbox 119 2633 321 2666; x_wconf 84' lang='lat' dir='ltr'>cursum</span> <span class='ocrx_word' id='word_1_186' title='bbox 351 2634 494 2667; x_wconf 91' lang='lat' dir='ltr'>suum</span> <span class='ocrx_word' id='word_1_187' title='bbox 526 2618 732 2678; x_wconf 87' lang='lat' dir='ltr'>habere,</span> <span class='ocrx_word' id='word_1_188' title='bbox 769 2623 1095 2686; x_wconf 79' lang='lat' dir='ltr'>permittere,</span> <span class='ocrx_word' id='word_1_189' title='bbox 1128 2632 1178 2668; x_wconf 82' lang='lat' dir='ltr'>et</span> <span class='ocrx_word' id='word_1_190' title='bbox 1204 2631 1489 2686; x_wconf 83' lang='lat' dir='ltr'>acceptare,</span> 
     </span>
     <span class='ocr_line' id='line_1_31' title="bbox 118 2704 1493 2767; baseline -0.001 -20"><span class='ocrx_word' id='word_1_191' title='bbox 118 2717 211 2767; x_wconf 91' lang='lat' dir='ltr'>per</span> <span class='ocrx_word' id='word_1_192' title='bbox 250 2715 464 2764; x_wconf 89' lang='lat' dir='ltr'>easque,</span> <span class='ocrx_word' id='word_1_193' title='bbox 503 2710 550 2749; x_wconf 92' lang='lat' dir='ltr'>et</span> <span class='ocrx_word' id='word_1_194' title='bbox 579 2716 682 2749; x_wconf 88' lang='lat' dir='ltr'>non</span> <span class='ocrx_word' id='word_1_195' title='bbox 714 2716 806 2767; x_wconf 83' lang='lat' dir='ltr'>per</span> <span class='ocrx_word' id='word_1_196' title='bbox 830 2704 1056 2765; x_wconf 85' lang='lat' dir='ltr'>antiquas</span> <span class='ocrx_word' id='word_1_197' title='bbox 1092 2712 1318 2749; x_wconf 90' lang='lat' dir='ltr'>monetas</span> <span class='ocrx_word' id='word_1_198' title='bbox 1346 2713 1493 2764; x_wconf 83' lang='lat' dir='ltr'>quas-</span> 
     </span>
    </p>
   </div>
   <div class='ocr_carea' id='block_1_3' title="bbox 113 2780 1487 2917">
    <p class='ocr_par' dir='ltr' id='par_1_3' title="bbox 113 2780 1487 2917">
     <span class='ocr_line' id='line_1_32' title="bbox 113 2780 1487 2851; baseline -0.003 -18"><span class='ocrx_word' id='word_1_199' title='bbox 113 2781 237 2834; x_wconf 83' lang='lat' dir='ltr'>libet</span> <span class='ocrx_word' id='word_1_200' title='bbox 272 2784 589 2850; x_wconf 74' lang='lat' dir='ltr'>emptioneS,</span> <span class='ocrx_word' id='word_1_201' title='bbox 661 2793 710 2832; x_wconf 89' lang='lat' dir='ltr'>et</span> <span class='ocrx_word' id='word_1_202' title='bbox 766 2780 1088 2834; x_wconf 79' lang='lat' dir='ltr'>venditiones</span> <span class='ocrx_word' id='word_1_203' title='bbox 1150 2794 1378 2851; x_wconf 82' lang='lat' dir='ltr'>vestras,</span> <span class='ocrx_word' id='word_1_204' title='bbox 1426 2798 1487 2829; x_wconf 75' lang='lat' dir='ltr'>ac</span> 
     </span>
     <span class='ocr_line' id='line_1_33' title="bbox 181 2863 1243 2917; baseline 0 -3"><span class='ocrx_word' id='word_1_205' title='bbox 181 2876 311 2914; x_wconf 53' lang='lat' dir='ltr'>staca</span> <span class='ocrx_word' id='word_1_206' title='bbox 345 2863 464 2917; x_wconf 67' lang='lat' dir='ltr'><strong><em>III.</em></strong></span> <span class='ocrx_word' id='word_1_207' title='bbox 1191 2864 1243 2914; x_wconf 85' lang='lat' dir='ltr'>X</span> 
     </span>
    </p>
   </div>
  </div>
 </body>
</html>
