<?xml version="1.0" encoding="UTF-8"?>
<!DOCTYPE html PUBLIC "-//W3C//DTD XHTML 1.0 Transitional//EN"
    "http://www.w3.org/TR/xhtml1/DTD/xhtml1-transitional.dtd">
<html xmlns="http://www.w3.org/1999/xhtml" xml:lang="en" lang="en">
 <head>
  <title>
</title>
<meta http-equiv="Content-Type" content="text/html;charset=utf-8" />
  <meta name='ocr-system' content='tesseract 3.04.00' />
  <meta name='ocr-capabilities' content='ocr_page ocr_carea ocr_par ocr_line ocrx_word'/>
</head>
<body>
  <div class='ocr_page' id='page_1' title='image "./catalogusnumorum03budauoft_0056.png"; bbox 0 0 1644 3022; ppageno 0'>
   <div class='ocr_carea' id='block_1_1' title="bbox 247 184 1102 242">
    <p class='ocr_par' dir='ltr' id='par_1_1' title="bbox 247 184 1102 242">
     <span class='ocr_line' id='line_1_1' title="bbox 247 184 1102 242; baseline 0.002 -18"><span class='ocrx_word' id='word_1_1' title='bbox 247 198 275 242; x_wconf 70' lang='lat'>5</span> <span class='ocrx_word' id='word_1_2' title='bbox 283 200 309 229; x_wconf 79' lang='lat'><em>2</em></span> <span class='ocrx_word' id='word_1_3' title='bbox 739 184 1102 226; x_wconf 48' lang='lat' dir='ltr'>*oem-</span> 
     </span>
    </p>
   </div>
   <div class='ocr_carea' id='block_1_2' title="bbox 248 281 1627 2679">
    <p class='ocr_par' dir='ltr' id='par_1_2' title="bbox 248 281 1627 2679">
     <span class='ocr_line' id='line_1_2' title="bbox 248 281 1595 348; baseline -0.001 -15"><span class='ocrx_word' id='word_1_4' title='bbox 248 301 306 333; x_wconf 90' lang='lat' dir='ltr'>ac</span> <span class='ocrx_word' id='word_1_5' title='bbox 348 292 636 346; x_wconf 58' lang='lat' dir='ltr'>sanaveris,</span> <span class='ocrx_word' id='word_1_6' title='bbox 675 285 756 346; x_wconf 89' lang='lat' dir='ltr'>qui</span> <span class='ocrx_word' id='word_1_7' title='bbox 793 282 959 331; x_wconf 85' lang='lat' dir='ltr'>nullos</span> <span class='ocrx_word' id='word_1_8' title='bbox 1011 283 1100 331; x_wconf 89' lang='lat' dir='ltr'>sibi</span> <span class='ocrx_word' id='word_1_9' title='bbox 1145 285 1467 348; x_wconf 80' lang='lat' dir='ltr'><strong>cognomines</strong></span> <span class='ocrx_word' id='word_1_10' title='bbox 1510 281 1595 332; x_wconf 70' lang='lat' dir='ltr'>ha«</span> 
     </span>
     <span class='ocr_line' id='line_1_3' title="bbox 249 362 1590 428; baseline -0.005 -11"><span class='ocrx_word' id='word_1_11' title='bbox 249 368 463 417; x_wconf 86' lang='lat' dir='ltr'>buerunt</span> <span class='ocrx_word' id='word_1_12' title='bbox 489 363 668 428; x_wconf 76' lang='lat' dir='ltr'>Reges,</span> <span class='ocrx_word' id='word_1_13' title='bbox 714 362 905 411; x_wconf 89' lang='lat' dir='ltr'>Horum</span> <span class='ocrx_word' id='word_1_14' title='bbox 937 375 1165 411; x_wconf 86' lang='lat' dir='ltr'>monetae</span> <span class='ocrx_word' id='word_1_15' title='bbox 1221 372 1335 411; x_wconf 85' lang='lat' dir='ltr'>sunt</span> <span class='ocrx_word' id='word_1_16' title='bbox 1365 366 1590 412; x_wconf 62' lang='lat' dir='ltr'>⁴rariores·</span> 
     </span>
     <span class='ocr_line' id='line_1_4' title="bbox 254 441 1595 509; baseline -0.003 -15"><span class='ocrx_word' id='word_1_17' title='bbox 254 445 470 495; x_wconf 86' lang='lat' dir='ltr'>denariis</span> <span class='ocrx_word' id='word_1_18' title='bbox 523 444 570 494; x_wconf 84' lang='lat' dir='ltr'>S.</span> <span class='ocrx_word' id='word_1_19' title='bbox 604 441 838 504; x_wconf 80' lang='lat' dir='ltr'><em>Stephani</em></span> <span class='ocrx_word' id='word_1_20' title='bbox 882 443 928 490; x_wconf 90' lang='lat' dir='ltr'>I.</span> <span class='ocrx_word' id='word_1_21' title='bbox 976 446 1091 506; x_wconf 85' lang='lat' dir='ltr'>quia</span> <span class='ocrx_word' id='word_1_22' title='bbox 1138 445 1189 490; x_wconf 88' lang='lat' dir='ltr'>in</span> <span class='ocrx_word' id='word_1_23' title='bbox 1236 458 1389 509; x_wconf 87' lang='lat' dir='ltr'>regno</span> <span class='ocrx_word' id='word_1_24' title='bbox 1433 446 1595 495; x_wconf 79' lang='lat' dir='ltr'>minus</span> 
     </span>
     <span class='ocr_line' id='line_1_5' title="bbox 254 522 1594 590; baseline -0.001 -16"><span class='ocrx_word' id='word_1_25' title='bbox 254 525 522 587; x_wconf 75' lang='lat' dir='ltr'>diuturno,</span> <span class='ocrx_word' id='word_1_26' title='bbox 568 525 821 590; x_wconf 87' lang='lat' dir='ltr'>magisque</span> <span class='ocrx_word' id='word_1_27' title='bbox 868 522 1152 573; x_wconf 91' lang='lat' dir='ltr'>turbulento</span> <span class='ocrx_word' id='word_1_28' title='bbox 1191 526 1450 590; x_wconf 84' lang='lat' dir='ltr'>pauciores</span> <span class='ocrx_word' id='word_1_29' title='bbox 1491 527 1594 573; x_wconf 88' lang='lat' dir='ltr'>cusi</span> 
     </span>
     <span class='ocr_line' id='line_1_6' title="bbox 250 602 1627 673; baseline -0.002 -19"><span class='ocrx_word' id='word_1_30' title='bbox 250 606 408 656; x_wconf 84' lang='lat' dir='ltr'>fuere.</span> <span class='ocrx_word' id='word_1_31' title='bbox 444 607 500 654; x_wconf 91' lang='lat' dir='ltr'>In</span> <span class='ocrx_word' id='word_1_32' title='bbox 534 616 695 654; x_wconf 70' lang='lat' dir='ltr'>PETRI</span> <span class='ocrx_word' id='word_1_33' title='bbox 729 602 941 652; x_wconf 87' lang='lat' dir='ltr'>denariis</span> <span class='ocrx_word' id='word_1_34' title='bbox 971 606 1226 670; x_wconf 85' lang='lat' dir='ltr'>inscriptio</span> <span class='ocrx_word' id='word_1_35' title='bbox 1258 606 1412 670; x_wconf 81' lang='lat' dir='ltr'>partis</span> <span class='ocrx_word' id='word_1_36' title='bbox 1451 619 1593 663; x_wconf 72' lang='lat' dir='ltr'>aver·</span> <span class='ocrx_word' id='word_1_37' title='bbox 1623 669 1627 673; x_wconf 91' lang='lat'>.</span> 
     </span>
     <span class='ocr_line' id='line_1_7' title="bbox 250 685 1598 743; baseline -0.001 -8"><span class='ocrx_word' id='word_1_38' title='bbox 250 704 332 736; x_wconf 85' lang='lat' dir='ltr'>sae</span> <span class='ocrx_word' id='word_1_39' title='bbox 362 698 435 736; x_wconf 85' lang='lat' dir='ltr'>est</span> <span class='ocrx_word' id='word_1_40' title='bbox 465 688 491 743; x_wconf 88' lang='lat'><strong>†</strong></span> <span class='ocrx_word' id='word_1_41' title='bbox 523 698 789 737; x_wconf 60' lang='lat' dir='ltr'>nmmum</span> <span class='ocrx_word' id='word_1_42' title='bbox 828 689 877 734; x_wconf 91' lang='lat' dir='ltr'>in</span> <span class='ocrx_word' id='word_1_43' title='bbox 906 700 1201 734; x_wconf 74' lang='lat' dir='ltr'>SAmvnzms</span> <span class='ocrx_word' id='word_1_44' title='bbox 1230 700 1354 734; x_wconf 88' lang='lat' dir='ltr'>vero</span> <span class='ocrx_word' id='word_1_45' title='bbox 1385 685 1411 741; x_wconf 89' lang='lat'><em>†</em></span> <span class='ocrx_word' id='word_1_46' title='bbox 1441 700 1598 736; x_wconf 64' lang='lat' dir='ltr'>Pauo-</span> 
     </span>
     <span class='ocr_line' id='line_1_8' title="bbox 250 763 1594 830; baseline -0.001 -14"><span class='ocrx_word' id='word_1_47' title='bbox 250 782 394 817; x_wconf 72' lang='lat' dir='ltr'>NEIA.</span> <span class='ocrx_word' id='word_1_48' title='bbox 430 766 734 816; x_wconf 80' lang='lat' dir='ltr'>Posteriores</span> <span class='ocrx_word' id='word_1_49' title='bbox 765 764 815 814; x_wconf 89' lang='lat' dir='ltr'>hi</span> <span class='ocrx_word' id='word_1_50' title='bbox 843 780 1077 830; x_wconf 85' lang='lat' dir='ltr'>magnam</span> <span class='ocrx_word' id='word_1_51' title='bbox 1108 763 1447 813; x_wconf 82' lang='lat' dir='ltr'>celebritatem</span> <span class='ocrx_word' id='word_1_52' title='bbox 1481 775 1594 814; x_wconf 88' lang='lat' dir='ltr'>sunt</span> 
     </span>
     <span class='ocr_line' id='line_1_9' title="bbox 252 844 1599 914; baseline -0.001 -19"><span class='ocrx_word' id='word_1_53' title='bbox 252 846 530 914; x_wconf 52' lang='lat' dir='ltr'>adeptissib</span> <span class='ocrx_word' id='word_1_54' title='bbox 577 846 778 896; x_wconf 88' lang='lat' dir='ltr'>eruditis</span> <span class='ocrx_word' id='word_1_55' title='bbox 825 844 1209 894; x_wconf 76' lang='lat' dir='ltr'>Commentariis</span> <span class='ocrx_word' id='word_1_56' title='bbox 1260 844 1417 895; x_wconf 87' lang='lat' dir='ltr'>Mich.</span> <span class='ocrx_word' id='word_1_57' title='bbox 1457 845 1599 895; x_wconf 90' lang='lat' dir='ltr'>Chri-</span> 
     </span>
     <span class='ocr_line' id='line_1_10' title="bbox 255 925 1594 998; baseline -0.004 -18"><span class='ocrx_word' id='word_1_58' title='bbox 255 929 418 998; x_wconf 85' lang='lat' dir='ltr'>stoph.</span> <span class='ocrx_word' id='word_1_59' title='bbox 453 931 703 986; x_wconf 81' lang='lat' dir='ltr'>Hanovii‚</span> <span class='ocrx_word' id='word_1_60' title='bbox 745 938 794 975; x_wconf 88' lang='lat' dir='ltr'>et</span> <span class='ocrx_word' id='word_1_61' title='bbox 829 925 1114 976; x_wconf 89' lang='lat' dir='ltr'>Godofredi</span> <span class='ocrx_word' id='word_1_62' title='bbox 1147 928 1430 977; x_wconf 80' lang='lat' dir='ltr'>Schwarzii.</span> <span class='ocrx_word' id='word_1_63' title='bbox 1497 926 1594 975; x_wconf 88' lang='lat' dir='ltr'>Ille</span> 
     </span>
     <span class='ocr_line' id='line_1_11' title="bbox 255 1003 1599 1072; baseline -0.002 -14"><span class='ocrx_word' id='word_1_64' title='bbox 255 1015 387 1060; x_wconf 85' lang='lat' dir='ltr'>enim</span> <span class='ocrx_word' id='word_1_65' title='bbox 423 1009 691 1056; x_wconf 81' lang='lat' dir='ltr'>Samuelem</span> <span class='ocrx_word' id='word_1_66' title='bbox 725 1007 872 1055; x_wconf 83' lang='lat' dir='ltr'>simili</span> <span class='ocrx_word' id='word_1_67' title='bbox 917 1005 1156 1068; x_wconf 80' lang='lat' dir='ltr'>denario,</span> <span class='ocrx_word' id='word_1_68' title='bbox 1202 1024 1349 1072; x_wconf 88' lang='lat' dir='ltr'>quem</span> <span class='ocrx_word' id='word_1_69' title='bbox 1398 1003 1599 1056; x_wconf 87' lang='lat' dir='ltr'>Gedani</span> 
     </span>
     <span class='ocr_line' id='line_1_12' title="bbox 254 1085 1601 1157; baseline -0.003 -19"><span class='ocrx_word' id='word_1_70' title='bbox 254 1106 375 1157; x_wconf 86' lang='lat' dir='ltr'>prae</span> <span class='ocrx_word' id='word_1_71' title='bbox 406 1089 634 1137; x_wconf 81' lang='lat' dir='ltr'>manibus</span> <span class='ocrx_word' id='word_1_72' title='bbox 669 1087 875 1146; x_wconf 84' lang='lat' dir='ltr'>habuit,</span> <span class='ocrx_word' id='word_1_73' title='bbox 902 1089 1227 1154; x_wconf 88' lang='lat' dir='ltr'>inscriptum,</span> <span class='ocrx_word' id='word_1_74' title='bbox 1264 1085 1601 1136; x_wconf 83' lang='lat' dir='ltr'>contendebat</span> 
     </span>
     <span class='ocr_line' id='line_1_13' title="bbox 254 1165 1603 1236; baseline -0.003 -18"><span class='ocrx_word' id='word_1_75' title='bbox 254 1171 517 1236; x_wconf 86' lang='lat' dir='ltr'>Bulgariae</span> <span class='ocrx_word' id='word_1_76' title='bbox 551 1167 740 1234; x_wconf 84' lang='lat' dir='ltr'>Regem</span> <span class='ocrx_word' id='word_1_77' title='bbox 769 1167 951 1225; x_wconf 77' lang='lat' dir='ltr'>fuisse,</span> <span class='ocrx_word' id='word_1_78' title='bbox 980 1165 1061 1216; x_wconf 90' lang='lat' dir='ltr'>hic</span> <span class='ocrx_word' id='word_1_79' title='bbox 1097 1172 1276 1217; x_wconf 82' lang='lat' dir='ltr'>rectius</span> <span class='ocrx_word' id='word_1_80' title='bbox 1300 1166 1603 1234; x_wconf 87' lang='lat' dir='ltr'>Hungariae.</span> 
     </span>
     <span class='ocr_line' id='line_1_14' title="bbox 255 1247 1598 1321; baseline -0.004 -21"><span class='ocrx_word' id='word_1_81' title='bbox 255 1252 423 1300; x_wconf 88' lang='lat' dir='ltr'>Litem</span> <span class='ocrx_word' id='word_1_82' title='bbox 456 1247 642 1297; x_wconf 87' lang='lat' dir='ltr'>decidit</span> <span class='ocrx_word' id='word_1_83' title='bbox 671 1248 971 1321; x_wconf 83' lang='lat' dir='ltr'>Anonymus</span> <span class='ocrx_word' id='word_1_84' title='bbox 1004 1249 1159 1297; x_wconf 84' lang='lat' dir='ltr'>Belae</span> <span class='ocrx_word' id='word_1_85' title='bbox 1179 1249 1336 1316; x_wconf 81' lang='lat' dir='ltr'>Regis</span> <span class='ocrx_word' id='word_1_86' title='bbox 1362 1248 1598 1298; x_wconf 82' lang='lat' dir='ltr'>Notarius</span> 
     </span>
     <span class='ocr_line' id='line_1_15' title="bbox 257 1329 1604 1400; baseline -0.001 -19"><span class='ocrx_word' id='word_1_87' title='bbox 257 1337 310 1382; x_wconf 88' lang='lat' dir='ltr'>in</span> <span class='ocrx_word' id='word_1_88' title='bbox 335 1330 551 1379; x_wconf 85' lang='lat' dir='ltr'>Historia</span> <span class='ocrx_word' id='word_1_89' title='bbox 597 1329 658 1378; x_wconf 89' lang='lat' dir='ltr'>de</span> <span class='ocrx_word' id='word_1_90' title='bbox 706 1342 901 1397; x_wconf 82' lang='lat' dir='ltr'>septem</span> <span class='ocrx_word' id='word_1_91' title='bbox 942 1330 1163 1379; x_wconf 84' lang='lat' dir='ltr'>Ducibus</span> <span class='ocrx_word' id='word_1_92' title='bbox 1217 1331 1604 1400; x_wconf 83' lang='lat' dir='ltr'>Hungarorum‚</span> 
     </span>
     <span class='ocr_line' id='line_1_16' title="bbox 255 1408 1604 1478; baseline -0.001 -18"><span class='ocrx_word' id='word_1_93' title='bbox 255 1412 343 1460; x_wconf 90' lang='lat' dir='ltr'>ubi</span> <span class='ocrx_word' id='word_1_94' title='bbox 377 1414 548 1472; x_wconf 75' lang='lat' dir='ltr'>Capite</span> <span class='ocrx_word' id='word_1_95' title='bbox 579 1408 805 1462; x_wconf 75' lang='lat' dir='ltr'><em>XXXII.</em></span> <span class='ocrx_word' id='word_1_96' title='bbox 852 1409 1034 1460; x_wconf 87' lang='lat' dir='ltr'>diserte</span> <span class='ocrx_word' id='word_1_97' title='bbox 1076 1410 1277 1478; x_wconf 87' lang='lat' dir='ltr'>prodit,</span> <span class='ocrx_word' id='word_1_98' title='bbox 1334 1411 1604 1460; x_wconf 76' lang='lat' dir='ltr'>Samuelem</span> 
     </span>
     <span class='ocr_line' id='line_1_17' title="bbox 256 1490 1603 1558; baseline -0.001 -16"><span class='ocrx_word' id='word_1_99' title='bbox 256 1493 407 1543; x_wconf 86' lang='lat' dir='ltr'>fuisse</span> <span class='ocrx_word' id='word_1_100' title='bbox 438 1491 719 1555; x_wconf 84' lang='lat' dir='ltr'>Hungariae</span> <span class='ocrx_word' id='word_1_101' title='bbox 754 1490 942 1556; x_wconf 80' lang='lat' dir='ltr'>Regem</span> <span class='ocrx_word' id='word_1_102' title='bbox 977 1490 1223 1555; x_wconf 83' lang='lat' dir='ltr'>eundem,</span> <span class='ocrx_word' id='word_1_103' title='bbox 1249 1495 1332 1556; x_wconf 89' lang='lat' dir='ltr'>qui</span> <span class='ocrx_word' id='word_1_104' title='bbox 1360 1491 1478 1551; x_wconf 88' lang='lat' dir='ltr'>alio,</span> <span class='ocrx_word' id='word_1_105' title='bbox 1511 1508 1603 1558; x_wconf 90' lang='lat' dir='ltr'>po-</span> 
     </span>
     <span class='ocr_line' id='line_1_18' title="bbox 260 1572 1607 1637; baseline 0 -18"><span class='ocrx_word' id='word_1_106' title='bbox 260 1574 398 1620; x_wconf 75' lang='lat' dir='ltr'>stetis</span> <span class='ocrx_word' id='word_1_107' title='bbox 433 1574 625 1620; x_wconf 90' lang='lat' dir='ltr'>notiore</span> <span class='ocrx_word' id='word_1_108' title='bbox 653 1573 851 1618; x_wconf 87' lang='lat' dir='ltr'>nomine</span> <span class='ocrx_word' id='word_1_109' title='bbox 890 1572 1027 1629; x_wconf 79' lang='lat' dir='ltr'>Oba,</span> <span class='ocrx_word' id='word_1_110' title='bbox 1063 1573 1219 1637; x_wconf 83' lang='lat' dir='ltr'>vulgo</span> <span class='ocrx_word' id='word_1_111' title='bbox 1268 1572 1411 1630; x_wconf 78' lang='lat' dir='ltr'>Aba,</span> <span class='ocrx_word' id='word_1_112' title='bbox 1459 1587 1607 1622; x_wconf 85' lang='lat' dir='ltr'>voca-</span> 
     </span>
     <span class='ocr_line' id='line_1_19' title="bbox 259 1643 1607 1717; baseline -0.003 -14"><span class='ocrx_word' id='word_1_113' title='bbox 259 1653 420 1703; x_wconf 89' lang='lat' dir='ltr'>batur.</span> <span class='ocrx_word' id='word_1_114' title='bbox 456 1677 522 1687; x_wconf 87' lang='lat'>—-·</span> <span class='ocrx_word' id='word_1_115' title='bbox 557 1652 771 1717; x_wconf 76' lang='lat' dir='ltr'>Quartus</span> <span class='ocrx_word' id='word_1_116' title='bbox 796 1668 823 1700; x_wconf 87' lang='lat' dir='ltr'>a</span> <span class='ocrx_word' id='word_1_117' title='bbox 859 1643 1102 1713; x_wconf 76' lang='lat' dir='ltr'>Stephano</span> <span class='ocrx_word' id='word_1_118' title='bbox 1139 1652 1188 1699; x_wconf 85' lang='lat' dir='ltr'>J.</span> <span class='ocrx_word' id='word_1_119' title='bbox 1230 1651 1344 1701; x_wconf 87' lang='lat' dir='ltr'>Rex</span> <span class='ocrx_word' id='word_1_120' title='bbox 1380 1652 1473 1701; x_wconf 86' lang='lat' dir='ltr'>fuit</span> <span class='ocrx_word' id='word_1_121' title='bbox 1514 1668 1607 1701; x_wconf 66' lang='lat' dir='ltr'>lnc-</span> 
     </span>
     <span class='ocr_line' id='line_1_20' title="bbox 265 1728 1606 1797; baseline -0.003 -15"><span class='ocrx_word' id='word_1_122' title='bbox 265 1747 430 1782; x_wconf 66' lang='lat' dir='ltr'>nnus</span> <span class='ocrx_word' id='word_1_123' title='bbox 458 1733 496 1780; x_wconf 93' lang='grc' dir='ltr'>Ι.</span> <span class='ocrx_word' id='word_1_124' title='bbox 527 1734 662 1795; x_wconf 83' lang='lat' dir='ltr'>cujus</span> <span class='ocrx_word' id='word_1_125' title='bbox 705 1728 895 1779; x_wconf 89' lang='lat' dir='ltr'>denarii</span> <span class='ocrx_word' id='word_1_126' title='bbox 922 1735 1209 1797; x_wconf 83' lang='lat' dir='ltr'>superstites</span> <span class='ocrx_word' id='word_1_127' title='bbox 1233 1748 1391 1796; x_wconf 85' lang='lat' dir='ltr'>aeque</span> <span class='ocrx_word' id='word_1_128' title='bbox 1416 1747 1606 1780; x_wconf 87' lang='lat' dir='ltr'>memo-</span> 
     </span>
     <span class='ocr_line' id='line_1_21' title="bbox 263 1808 1606 1878; baseline -0.001 -17"><span class='ocrx_word' id='word_1_129' title='bbox 263 1822 370 1862; x_wconf 83' lang='lat' dir='ltr'>ratu</span> <span class='ocrx_word' id='word_1_130' title='bbox 406 1810 541 1878; x_wconf 83' lang='lat' dir='ltr'>digni</span> <span class='ocrx_word' id='word_1_131' title='bbox 565 1822 705 1871; x_wconf 84' lang='lat' dir='ltr'>sunt3</span> <span class='ocrx_word' id='word_1_132' title='bbox 741 1811 825 1859; x_wconf 87' lang='lat' dir='ltr'>alii</span> <span class='ocrx_word' id='word_1_133' title='bbox 858 1813 990 1859; x_wconf 87' lang='lat' dir='ltr'>enim</span> <span class='ocrx_word' id='word_1_134' title='bbox 1021 1822 1133 1858; x_wconf 79' lang='lat' dir='ltr'>sunt</span> <span class='ocrx_word' id='word_1_135' title='bbox 1164 1808 1379 1860; x_wconf 80' lang='lat' dir='ltr'>denariis</span> <span class='ocrx_word' id='word_1_136' title='bbox 1415 1813 1468 1862; x_wconf 82' lang='lat' dir='ltr'>S.</span> <span class='ocrx_word' id='word_1_137' title='bbox 1497 1809 1606 1859; x_wconf 82' lang='lat' dir='ltr'>Ste-</span> 
     </span>
     <span class='ocr_line' id='line_1_22' title="bbox 258 1891 1610 1958; baseline 0.002 -20"><span class='ocrx_word' id='word_1_138' title='bbox 258 1894 412 1952; x_wconf 81' lang='lat' dir='ltr'>phani</span> <span class='ocrx_word' id='word_1_139' title='bbox 439 1895 728 1958; x_wconf 70' lang='lat' dir='ltr'>peremnia</span> <span class='ocrx_word' id='word_1_140' title='bbox 757 1891 972 1949; x_wconf 80' lang='lat' dir='ltr'>similes,</span> <span class='ocrx_word' id='word_1_141' title='bbox 1009 1891 1245 1946; x_wconf 83' lang='lat' dir='ltr'>corollis,</span> <span class='ocrx_word' id='word_1_142' title='bbox 1273 1892 1488 1955; x_wconf 79' lang='lat' dir='ltr'>circulis,</span> <span class='ocrx_word' id='word_1_143' title='bbox 1505 1909 1610 1941; x_wconf 88' lang='lat' dir='ltr'>cru-</span> 
     </span>
     <span class='ocr_line' id='line_1_23' title="bbox 265 1972 1616 2037; baseline -0.003 -17"><span class='ocrx_word' id='word_1_144' title='bbox 265 1972 432 2033; x_wconf 90' lang='lat' dir='ltr'>cibus,</span> <span class='ocrx_word' id='word_1_145' title='bbox 478 1972 734 2036; x_wconf 87' lang='lat' dir='ltr'>triangulis</span> <span class='ocrx_word' id='word_1_146' title='bbox 755 2008 767 2029; x_wconf 86' lang='lat'><strong>‚</strong></span> <span class='ocrx_word' id='word_1_147' title='bbox 799 1974 1121 2037; x_wconf 87' lang='lat' dir='ltr'>inscriptione</span> <span class='ocrx_word' id='word_1_148' title='bbox 1159 1988 1365 2022; x_wconf 82' lang='lat' dir='ltr'>aversae</span> <span class='ocrx_word' id='word_1_149' title='bbox 1394 1973 1420 2028; x_wconf 85' lang='lat'>†</span> <span class='ocrx_word' id='word_1_150' title='bbox 1451 1988 1616 2021; x_wconf 65' lang='lat' dir='ltr'>uera.</span> 
     </span>
     <span class='ocr_line' id='line_1_24' title="bbox 266 2050 1613 2117; baseline -0.001 -17"><span class='ocrx_word' id='word_1_151' title='bbox 266 2066 503 2113; x_wconf 67' lang='lat' dir='ltr'>cimus,</span> <span class='ocrx_word' id='word_1_152' title='bbox 550 2062 595 2098; x_wconf 92' lang='lat' dir='ltr'>et</span> <span class='ocrx_word' id='word_1_153' title='bbox 631 2055 739 2117; x_wconf 88' lang='lat' dir='ltr'>ipsa</span> <span class='ocrx_word' id='word_1_154' title='bbox 767 2050 928 2099; x_wconf 81' lang='lat' dir='ltr'>forma</span> <span class='ocrx_word' id='word_1_155' title='bbox 953 2050 1179 2100; x_wconf 84' lang='lat' dir='ltr'>technica</span> <span class='ocrx_word' id='word_1_156' title='bbox 1230 2050 1405 2101; x_wconf 89' lang='lat' dir='ltr'>harum</span> <span class='ocrx_word' id='word_1_157' title='bbox 1446 2052 1613 2099; x_wconf 85' lang='lat' dir='ltr'>litera-</span> 
     </span>
     <span class='ocr_line' id='line_1_25' title="bbox 265 2130 1611 2199; baseline 0.001 -20"><span class='ocrx_word' id='word_1_158' title='bbox 265 2148 404 2194; x_wconf 89' lang='lat' dir='ltr'>rum,</span> <span class='ocrx_word' id='word_1_159' title='bbox 442 2134 558 2194; x_wconf 88' lang='lat' dir='ltr'>quin</span> <span class='ocrx_word' id='word_1_160' title='bbox 591 2134 737 2179; x_wconf 88' lang='lat' dir='ltr'>etiam</span> <span class='ocrx_word' id='word_1_161' title='bbox 769 2130 1028 2196; x_wconf 84' lang='lat' dir='ltr'>pondere,</span> <span class='ocrx_word' id='word_1_162' title='bbox 1068 2147 1127 2179; x_wconf 91' lang='lat' dir='ltr'>ac</span> <span class='ocrx_word' id='word_1_163' title='bbox 1172 2132 1392 2180; x_wconf 87' lang='lat' dir='ltr'>bonitate</span> <span class='ocrx_word' id='word_1_164' title='bbox 1420 2137 1611 2199; x_wconf 85' lang='lat' dir='ltr'>argenti</span> 
     </span>
     <span class='ocr_line' id='line_1_26' title="bbox 263 2210 1614 2276; baseline 0.002 -18"><span class='ocrx_word' id='word_1_165' title='bbox 263 2226 411 2274; x_wconf 80' lang='lat' dir='ltr'>quam</span> <span class='ocrx_word' id='word_1_166' title='bbox 443 2213 701 2276; x_wconf 82' lang='lat' dir='ltr'>proxime.-</span> <span class='ocrx_word' id='word_1_167' title='bbox 734 2210 819 2259; x_wconf 86' lang='lat' dir='ltr'>alii</span> <span class='ocrx_word' id='word_1_168' title='bbox 853 2227 976 2258; x_wconf 89' lang='lat' dir='ltr'>vero</span> <span class='ocrx_word' id='word_1_169' title='bbox 1021 2211 1097 2260; x_wconf 88' lang='lat' dir='ltr'>his</span> <span class='ocrx_word' id='word_1_170' title='bbox 1126 2212 1231 2260; x_wconf 81' lang='lat' dir='ltr'>fere·</span> <span class='ocrx_word' id='word_1_171' title='bbox 1259 2213 1489 2261; x_wconf 87' lang='lat' dir='ltr'>omnibus</span> <span class='ocrx_word' id='word_1_172' title='bbox 1540 2212 1614 2262; x_wconf 89' lang='lat' dir='ltr'>di-</span> 
     </span>
     <span class='ocr_line' id='line_1_27' title="bbox 267 2290 1611 2359; baseline 0.002 -21"><span class='ocrx_word' id='word_1_173' title='bbox 267 2301 500 2356; x_wconf 80' lang='lat' dir='ltr'>screpant</span> <span class='ocrx_word' id='word_1_174' title='bbox 539 2290 583 2345; x_wconf 51' lang='lat'>†,</span> <span class='ocrx_word' id='word_1_175' title='bbox 613 2305 879 2339; x_wconf 62' lang='lat' dir='ltr'>inmotum</span> <span class='ocrx_word' id='word_1_176' title='bbox 938 2294 1199 2359; x_wconf 83' lang='lat' dir='ltr'>inscripti,</span> <span class='ocrx_word' id='word_1_177' title='bbox 1266 2296 1378 2359; x_wconf 88' lang='lat' dir='ltr'>ipso</span> <span class='ocrx_word' id='word_1_178' title='bbox 1413 2308 1611 2357; x_wconf 81' lang='lat' dir='ltr'>quoque</span> 
     </span>
     <span class='ocr_line' id='line_1_28' title="bbox 265 2371 1612 2440; baseline 0 -20"><span class='ocrx_word' id='word_1_179' title='bbox 265 2371 492 2439; x_wconf 88' lang='lat' dir='ltr'>pondere</span> <span class='ocrx_word' id='word_1_180' title='bbox 530 2371 778 2429; x_wconf 79' lang='lat' dir='ltr'>leviores,</span> <span class='ocrx_word' id='word_1_181' title='bbox 816 2382 865 2419; x_wconf 90' lang='lat' dir='ltr'>et</span> <span class='ocrx_word' id='word_1_182' title='bbox 897 2387 960 2419; x_wconf 88' lang='lat' dir='ltr'>ex</span> <span class='ocrx_word' id='word_1_183' title='bbox 1005 2371 1211 2438; x_wconf 79' lang='lat' dir='ltr'>argento</span> <span class='ocrx_word' id='word_1_184' title='bbox 1278 2375 1440 2421; x_wconf 80' lang='lat' dir='ltr'>minus</span> <span class='ocrx_word' id='word_1_185' title='bbox 1486 2388 1612 2440; x_wconf 86' lang='lat' dir='ltr'>puro</span> 
     </span>
     <span class='ocr_line' id='line_1_29' title="bbox 261 2439 1615 2515; baseline 0.002 -16"><span class='ocrx_word' id='word_1_186' title='bbox 261 2452 396 2502; x_wconf 84' lang='lat' dir='ltr'>facti.</span> <span class='ocrx_word' id='word_1_187' title='bbox 446 2452 560 2499; x_wconf 79' lang='lat' dir='ltr'>Vid.</span> <span class='ocrx_word' id='word_1_188' title='bbox 595 2454 683 2501; x_wconf 75' lang='lat' dir='ltr'>cit.</span> <span class='ocrx_word' id='word_1_189' title='bbox 717 2439 945 2514; x_wconf 66' lang='lat' dir='ltr'>Catelog.</span> <span class='ocrx_word' id='word_1_190' title='bbox 967 2470 1018 2513; x_wconf 83' lang='lat' dir='ltr'>p.</span> <span class='ocrx_word' id='word_1_191' title='bbox 1036 2464 1116 2515; x_wconf 79' lang='lat'>33.</span> <span class='ocrx_word' id='word_1_192' title='bbox 1144 2453 1207 2500; x_wconf 86' lang='lat' dir='ltr'>Hi</span> <span class='ocrx_word' id='word_1_193' title='bbox 1238 2452 1365 2502; x_wconf 88' lang='lat' dir='ltr'>forte</span> <span class='ocrx_word' id='word_1_194' title='bbox 1396 2457 1615 2502; x_wconf 78' lang='lat' dir='ltr'>occasio-</span> 
     </span>
     <span class='ocr_line' id='line_1_30' title="bbox 263 2532 1614 2600; baseline 0.001 -19"><span class='ocrx_word' id='word_1_195' title='bbox 263 2550 379 2581; x_wconf 88' lang='lat' dir='ltr'>nem</span> <span class='ocrx_word' id='word_1_196' title='bbox 410 2532 731 2599; x_wconf 88' lang='lat' dir='ltr'>praebuerint</span> <span class='ocrx_word' id='word_1_197' title='bbox 759 2532 1108 2581; x_wconf 78' lang='lat' dir='ltr'>restaurandae</span> <span class='ocrx_word' id='word_1_198' title='bbox 1139 2550 1230 2600; x_wconf 90' lang='lat' dir='ltr'>per</span> <span class='ocrx_word' id='word_1_199' title='bbox 1254 2551 1435 2584; x_wconf 70' lang='grc' dir='ltr'>ΒΕιΑΜ</span> <span class='ocrx_word' id='word_1_200' title='bbox 1464 2535 1500 2585; x_wconf 88' lang='lat'>1.</span> <span class='ocrx_word' id='word_1_201' title='bbox 1520 2533 1614 2583; x_wconf 89' lang='lat' dir='ltr'>Rei</span> 
     </span>
     <span class='ocr_line' id='line_1_31' title="bbox 264 2612 1616 2679; baseline 0.001 -20"><span class='ocrx_word' id='word_1_202' title='bbox 264 2617 602 2675; x_wconf 83' lang='lat' dir='ltr'>monetariae,</span> <span class='ocrx_word' id='word_1_203' title='bbox 642 2615 779 2677; x_wconf 82' lang='lat' dir='ltr'>cujus</span> <span class='ocrx_word' id='word_1_204' title='bbox 809 2616 1037 2661; x_wconf 88' lang='lat' dir='ltr'>meminit</span> <span class='ocrx_word' id='word_1_205' title='bbox 1087 2612 1391 2679; x_wconf 27' lang='lat' dir='ltr'>chronicon(</span> <span class='ocrx_word' id='word_1_206' title='bbox 1421 2613 1616 2664; x_wconf 90' lang='lat' dir='ltr'>Thuro-</span> 
     </span>
    </p>
   </div>
   <div class='ocr_carea' id='block_1_3' title="bbox 265 2682 1613 2754">
    <p class='ocr_par' dir='ltr' id='par_1_3' title="bbox 265 2682 1613 2754">
     <span class='ocr_line' id='line_1_32' title="bbox 265 2682 1613 2754; baseline 0.001 -14"><span class='ocrx_word' id='word_1_207' title='bbox 265 2697 493 2742; x_wconf 78' lang='lat' dir='ltr'>ezianum</span> <span class='ocrx_word' id='word_1_208' title='bbox 522 2695 582 2745; x_wconf 83' lang='lat' dir='ltr'>P.</span> <span class='ocrx_word' id='word_1_209' title='bbox 615 2683 696 2743; x_wconf 80' lang='lat' dir='ltr'>II.</span> <span class='ocrx_word' id='word_1_210' title='bbox 732 2695 846 2754; x_wconf 81' lang='lat' dir='ltr'>Cap.</span> <span class='ocrx_word' id='word_1_211' title='bbox 876 2690 968 2738; x_wconf 84' lang='lat' dir='ltr'>XL</span> <span class='ocrx_word' id='word_1_212' title='bbox 981 2682 1045 2743; x_wconf 85' lang='lat' dir='ltr'>V.</span> <span class='ocrx_word' id='word_1_213' title='bbox 1082 2693 1189 2744; x_wconf 78' lang='lat' dir='ltr'>Nee</span> <span class='ocrx_word' id='word_1_214' title='bbox 1220 2698 1354 2747; x_wconf 85' lang='lat' dir='ltr'>enim</span> <span class='ocrx_word' id='word_1_215' title='bbox 1377 2690 1613 2746; x_wconf 82' lang='lat' dir='ltr'>audiendi</span> 
     </span>
    </p>
   </div>
  </div>
 </body>
</html>
