<?xml version="1.0" encoding="UTF-8"?>
<!DOCTYPE html PUBLIC "-//W3C//DTD XHTML 1.0 Transitional//EN"
    "http://www.w3.org/TR/xhtml1/DTD/xhtml1-transitional.dtd">
<html xmlns="http://www.w3.org/1999/xhtml" xml:lang="en" lang="en">
 <head>
  <title>
</title>
<meta http-equiv="Content-Type" content="text/html;charset=utf-8" />
  <meta name='ocr-system' content='tesseract 3.04.00' />
  <meta name='ocr-capabilities' content='ocr_page ocr_carea ocr_par ocr_line ocrx_word'/>
</head>
<body>
  <div class='ocr_page' id='page_1' title='image "./catalogusnumorum03budauoft_0291.png"; bbox 0 0 1690 3016; ppageno 0'>
   <div class='ocr_carea' id='block_1_1' title="bbox 637 209 1518 261">
    <p class='ocr_par' dir='ltr' id='par_1_1' title="bbox 637 209 1518 261">
     <span class='ocr_line' id='line_1_1' title="bbox 637 209 1518 261; baseline 0.009 -13"><span class='ocrx_word' id='word_1_1' title='bbox 637 209 1014 257; x_wconf 52' lang='lat' dir='ltr'>-oemoc-oss-</span> <span class='ocrx_word' id='word_1_2' title='bbox 1422 213 1518 261; x_wconf 83' lang='lat'>237</span> 
     </span>
    </p>
   </div>
   <div class='ocr_carea' id='block_1_2' title="bbox 135 307 1545 2808">
    <p class='ocr_par' dir='ltr' id='par_1_2' title="bbox 135 307 1545 2808">
     <span class='ocr_line' id='line_1_2' title="bbox 137 307 1519 373; baseline -0.001 -14"><span class='ocrx_word' id='word_1_3' title='bbox 137 325 255 359; x_wconf 84' lang='lat' dir='ltr'>rcus</span> <span class='ocrx_word' id='word_1_4' title='bbox 288 324 432 356; x_wconf 89' lang='lat' dir='ltr'>unus.</span> <span class='ocrx_word' id='word_1_5' title='bbox 450 307 671 373; x_wconf 78' lang='lat' dir='ltr'>Georgii</span> <span class='ocrx_word' id='word_1_6' title='bbox 695 309 915 356; x_wconf 82' lang='lat' dir='ltr'>Senioris</span> <span class='ocrx_word' id='word_1_7' title='bbox 948 311 1150 359; x_wconf 70' lang='lat' dir='ltr'>Rakoeae·</span> <span class='ocrx_word' id='word_1_8' title='bbox 1174 327 1261 360; x_wconf 81' lang='lat' dir='ltr'>sex</span> <span class='ocrx_word' id='word_1_9' title='bbox 1286 322 1519 359; x_wconf 85' lang='lat' dir='ltr'>monetae</span> 
     </span>
     <span class='ocr_line' id='line_1_3' title="bbox 137 391 1523 460; baseline 0 -20"><span class='ocrx_word' id='word_1_10' title='bbox 137 407 319 440; x_wconf 79' lang='lat' dir='ltr'>aureae</span> <span class='ocrx_word' id='word_1_11' title='bbox 346 391 609 457; x_wconf 81' lang='lat' dir='ltr'><strong>simplices</strong></span> <span class='ocrx_word' id='word_1_12' title='bbox 629 426 644 448; x_wconf 91' lang='lat'>,</span> <span class='ocrx_word' id='word_1_13' title='bbox 670 401 721 438; x_wconf 90' lang='lat' dir='ltr'>et</span> <span class='ocrx_word' id='word_1_14' title='bbox 756 391 953 440; x_wconf 86' lang='lat' dir='ltr'>Aureus</span> <span class='ocrx_word' id='word_1_15' title='bbox 986 391 1263 460; x_wconf 80' lang='lat' dir='ltr'>decuplus.</span> <span class='ocrx_word' id='word_1_16' title='bbox 1296 408 1390 440; x_wconf 89' lang='lat' dir='ltr'>nec</span> <span class='ocrx_word' id='word_1_17' title='bbox 1419 407 1523 440; x_wconf 89' lang='lat' dir='ltr'>non</span> 
     </span>
     <span class='ocr_line' id='line_1_4' title="bbox 142 471 1524 538; baseline 0 -18"><span class='ocrx_word' id='word_1_18' title='bbox 142 475 373 538; x_wconf 84' lang='lat' dir='ltr'>argentei</span> <span class='ocrx_word' id='word_1_19' title='bbox 401 471 629 519; x_wconf 75' lang='lat' dir='ltr'>unciales</span> <span class='ocrx_word' id='word_1_20' title='bbox 677 483 809 531; x_wconf 87' lang='lat' dir='ltr'>tres,</span> <span class='ocrx_word' id='word_1_21' title='bbox 855 484 903 521; x_wconf 89' lang='lat' dir='ltr'>et</span> <span class='ocrx_word' id='word_1_22' title='bbox 951 489 1076 522; x_wconf 87' lang='lat' dir='ltr'>unus</span> <span class='ocrx_word' id='word_1_23' title='bbox 1122 490 1295 522; x_wconf 85' lang='lat' dir='ltr'>aereus</span> <span class='ocrx_word' id='word_1_24' title='bbox 1331 480 1524 522; x_wconf 78' lang='lat' dir='ltr'>inoma-</span> 
     </span>
     <span class='ocr_line' id='line_1_5' title="bbox 144 551 1521 614; baseline -0.001 -12"><span class='ocrx_word' id='word_1_25' title='bbox 144 570 239 603; x_wconf 88' lang='lat' dir='ltr'>nus</span> <span class='ocrx_word' id='word_1_26' title='bbox 268 569 385 602; x_wconf 82' lang='lat' dir='ltr'>cum</span> <span class='ocrx_word' id='word_1_27' title='bbox 418 551 614 601; x_wconf 91' lang='lat' dir='ltr'>duobus</span> <span class='ocrx_word' id='word_1_28' title='bbox 646 554 847 601; x_wconf 83' lang='lat' dir='ltr'>malleis</span> <span class='ocrx_word' id='word_1_29' title='bbox 885 552 1191 614; x_wconf 81' lang='lat' dir='ltr'>decussatis,</span> <span class='ocrx_word' id='word_1_30' title='bbox 1222 557 1341 603; x_wconf 85' lang='lat' dir='ltr'>anni</span> <span class='ocrx_word' id='word_1_31' title='bbox 1379 553 1521 614; x_wconf 80' lang='lat'>1634.</span> 
     </span>
     <span class='ocr_line' id='line_1_6' title="bbox 144 633 1524 702; baseline 0.001 -21"><span class='ocrx_word' id='word_1_32' title='bbox 144 660 211 674; x_wconf 55' lang='grc' dir='ltr'>-ε-</span> <span class='ocrx_word' id='word_1_33' title='bbox 247 635 462 682; x_wconf 70' lang='lat' dir='ltr'>Aebutii</span> <span class='ocrx_word' id='word_1_34' title='bbox 497 637 710 680; x_wconf 76' lang='lat' dir='ltr'>Bartsai</span> <span class='ocrx_word' id='word_1_35' title='bbox 744 650 857 683; x_wconf 88' lang='lat' dir='ltr'>cum</span> <span class='ocrx_word' id='word_1_36' title='bbox 892 634 1039 699; x_wconf 86' lang='lat' dir='ltr'>hujus</span> <span class='ocrx_word' id='word_1_37' title='bbox 1082 634 1252 702; x_wconf 81' lang='lat' dir='ltr'>effigie</span> <span class='ocrx_word' id='word_1_38' title='bbox 1286 635 1386 683; x_wconf 90' lang='lat' dir='ltr'>duo</span> <span class='ocrx_word' id='word_1_39' title='bbox 1423 633 1524 682; x_wconf 86' lang='lat' dir='ltr'>Au-</span> 
     </span>
     <span class='ocr_line' id='line_1_7' title="bbox 144 714 1525 786; baseline -0.001 -20"><span class='ocrx_word' id='word_1_40' title='bbox 144 720 218 767; x_wconf 86' lang='lat' dir='ltr'>rei</span> <span class='ocrx_word' id='word_1_41' title='bbox 252 714 493 784; x_wconf 73' lang='lat' dir='ltr'>decuph,</span> <span class='ocrx_word' id='word_1_42' title='bbox 533 719 708 764; x_wconf 85' lang='lat' dir='ltr'>tertius</span> <span class='ocrx_word' id='word_1_43' title='bbox 750 720 855 765; x_wconf 87' lang='lat' dir='ltr'>sine</span> <span class='ocrx_word' id='word_1_44' title='bbox 899 715 1066 784; x_wconf 83' lang='lat' dir='ltr'>effigie</span> <span class='ocrx_word' id='word_1_45' title='bbox 1114 718 1292 786; x_wconf 90' lang='lat' dir='ltr'>paullo</span> <span class='ocrx_word' id='word_1_46' title='bbox 1329 721 1525 773; x_wconf 87' lang='lat' dir='ltr'>minor,</span> 
     </span>
     <span class='ocr_line' id='line_1_8' title="bbox 145 796 1531 864; baseline -0.001 -20"><span class='ocrx_word' id='word_1_47' title='bbox 145 808 429 864; x_wconf 71' lang='lat' dir='ltr'>octogonus</span> <span class='ocrx_word' id='word_1_48' title='bbox 492 797 586 843; x_wconf 78' lang='lat' dir='ltr'>sub</span> <span class='ocrx_word' id='word_1_49' title='bbox 642 796 943 845; x_wconf 77' lang='lat' dir='ltr'>Rakociana</span> <span class='ocrx_word' id='word_1_50' title='bbox 1006 804 1321 860; x_wconf 78' lang='lat' dir='ltr'>oppressione</span> <span class='ocrx_word' id='word_1_51' title='bbox 1367 799 1531 860; x_wconf 58' lang='lat' dir='ltr'>ngm‘</span> 
     </span>
     <span class='ocr_line' id='line_1_9' title="bbox 151 877 1527 936; baseline 0.004 -13"><span class='ocrx_word' id='word_1_52' title='bbox 151 877 568 936; x_wconf 68' lang='lat' dir='ltr'>Transc‘lvarat&#39;caee,</span> <span class='ocrx_word' id='word_1_53' title='bbox 613 887 663 923; x_wconf 83' lang='lat' dir='ltr'>et</span> <span class='ocrx_word' id='word_1_54' title='bbox 721 879 997 925; x_wconf 80' lang='lat' dir='ltr'><em>Obsidione</em></span> <span class='ocrx_word' id='word_1_55' title='bbox 1039 879 1315 928; x_wconf 77' lang='lat' dir='ltr'>Ce&#39;bim&#39;ensi</span> <span class='ocrx_word' id='word_1_56' title='bbox 1348 895 1527 935; x_wconf 71' lang='lat' dir='ltr'>casus,</span> 
     </span>
     <span class='ocr_line' id='line_1_10' title="bbox 145 959 1527 1025; baseline 0.001 -18"><span class='ocrx_word' id='word_1_57' title='bbox 145 962 370 1025; x_wconf 76' lang='lat' dir='ltr'>argentei</span> <span class='ocrx_word' id='word_1_58' title='bbox 412 975 537 1006; x_wconf 86' lang='lat' dir='ltr'>vero</span> <span class='ocrx_word' id='word_1_59' title='bbox 580 959 801 1007; x_wconf 85' lang='lat' dir='ltr'>unciales</span> <span class='ocrx_word' id='word_1_60' title='bbox 841 971 1085 1024; x_wconf 83' lang='lat' dir='ltr'>quatuor,</span> <span class='ocrx_word' id='word_1_61' title='bbox 1137 977 1353 1024; x_wconf 87' lang='lat' dir='ltr'>quorum</span> <span class='ocrx_word' id='word_1_62' title='bbox 1400 964 1527 1010; x_wconf 81' lang='lat' dir='ltr'>unus</span> 
     </span>
     <span class='ocr_line' id='line_1_11' title="bbox 146 1039 1545 1109; baseline 0.003 -20"><span class='ocrx_word' id='word_1_63' title='bbox 146 1053 221 1090; x_wconf 87' lang='lat' dir='ltr'>est</span> <span class='ocrx_word' id='word_1_64' title='bbox 244 1039 548 1089; x_wconf 82' lang='lat' dir='ltr'>cibiniensis</span> <span class='ocrx_word' id='word_1_65' title='bbox 581 1056 696 1088; x_wconf 87' lang='lat' dir='ltr'>cum</span> <span class='ocrx_word' id='word_1_66' title='bbox 731 1044 1058 1109; x_wconf 86' lang='lat' dir='ltr'>inscriptione</span> <span class='ocrx_word' id='word_1_67' title='bbox 1103 1060 1238 1092; x_wconf 90' lang='lat' dir='ltr'>nunc</span> <span class='ocrx_word' id='word_1_68' title='bbox 1280 1054 1545 1093; x_wconf 87' lang='lat' dir='ltr'>memora·&#39;</span> 
     </span>
     <span class='ocr_line' id='line_1_12' title="bbox 144 1108 1526 1193; baseline 0.001 -21"><span class='ocrx_word' id='word_1_69' title='bbox 144 1134 224 1186; x_wconf 83' lang='lat' dir='ltr'>ta,</span> <span class='ocrx_word' id='word_1_70' title='bbox 275 1119 376 1170; x_wconf 89' lang='lat' dir='ltr'>duo</span> <span class='ocrx_word' id='word_1_71' title='bbox 419 1108 771 1186; x_wconf 83' lang='lat' dir='ltr'>Coronenses‚</span> <span class='ocrx_word' id='word_1_72' title='bbox 819 1135 870 1173; x_wconf 85' lang='lat' dir='ltr'>et</span> <span class='ocrx_word' id='word_1_73' title='bbox 929 1140 1056 1173; x_wconf 90' lang='lat' dir='ltr'>unus</span> <span class='ocrx_word' id='word_1_74' title='bbox 1103 1125 1526 1193; x_wconf 85' lang='lat' dir='ltr'>Schesburgensis</span> 
     </span>
     <span class='ocr_line' id='line_1_13' title="bbox 144 1201 1531 1269; baseline 0.001 -18"><span class='ocrx_word' id='word_1_75' title='bbox 144 1220 266 1252; x_wconf 84' lang='lat' dir='ltr'>cum.</span> <span class='ocrx_word' id='word_1_76' title='bbox 289 1201 570 1269; x_wconf 77' lang='lat' dir='ltr'>epigraphe</span> <span class='ocrx_word' id='word_1_77' title='bbox 597 1204 679 1250; x_wconf 91' lang='lat' dir='ltr'>De</span> <span class='ocrx_word' id='word_1_78' title='bbox 692 1206 963 1265; x_wconf 75' lang='lat' dir='ltr'>profundis</span> <span class='ocrx_word' id='word_1_79' title='bbox 981 1203 1081 1255; x_wconf 57' lang='lat' dir='ltr'>&amp;a</span> <span class='ocrx_word' id='word_1_80' title='bbox 1104 1204 1259 1253; x_wconf 81' lang='lat' dir='ltr'>Serva</span> <span class='ocrx_word' id='word_1_81' title='bbox 1287 1222 1396 1264; x_wconf 82' lang='lat' dir='ltr'>nos,</span> <span class='ocrx_word' id='word_1_82' title='bbox 1414 1210 1531 1269; x_wconf 77' lang='lat' dir='ltr'>quia</span> 
     </span>
     <span class='ocr_line' id='line_1_14' title="bbox 139 1285 1527 1348; baseline 0.005 -18"><span class='ocrx_word' id='word_1_83' title='bbox 139 1288 383 1347; x_wconf 84' lang='lat' dir='ltr'>perimus·</span> <span class='ocrx_word' id='word_1_84' title='bbox 432 1285 573 1333; x_wconf 75' lang='lat'><strong>1⁶60.</strong></span> <span class='ocrx_word' id='word_1_85' title='bbox 606 1309 673 1317; x_wconf 86' lang='lat'>—-</span> <span class='ocrx_word' id='word_1_86' title='bbox 712 1285 927 1332; x_wconf 72' lang='lat' dir='ltr'>loannis</span> <span class='ocrx_word' id='word_1_87' title='bbox 950 1287 1174 1348; x_wconf 79' lang='lat' dir='ltr'>Keme‘ny</span> <span class='ocrx_word' id='word_1_88' title='bbox 1210 1286 1442 1346; x_wconf 65' lang='lat' dir='ltr'>Aurem,</span> <span class='ocrx_word' id='word_1_89' title='bbox 1478 1299 1527 1337; x_wconf 90' lang='lat' dir='ltr'>et</span> 
     </span>
     <span class='ocr_line' id='line_1_15' title="bbox 141 1366 1526 1435; baseline 0.001 -18"><span class='ocrx_word' id='word_1_90' title='bbox 141 1378 407 1433; x_wconf 84' lang='lat' dir='ltr'>argenteus</span> <span class='ocrx_word' id='word_1_91' title='bbox 437 1366 681 1426; x_wconf 86' lang='lat' dir='ltr'>uncialis,</span> <span class='ocrx_word' id='word_1_92' title='bbox 713 1379 761 1416; x_wconf 86' lang='lat' dir='ltr'>et</span> <span class='ocrx_word' id='word_1_93' title='bbox 799 1368 926 1417; x_wconf 88' lang='lat' dir='ltr'>alius</span> <span class='ocrx_word' id='word_1_94' title='bbox 970 1368 1190 1435; x_wconf 84' lang='lat' dir='ltr'>simplex</span> <span class='ocrx_word' id='word_1_95' title='bbox 1231 1385 1431 1420; x_wconf 88' lang='lat' dir='ltr'>aureus.</span> <span class='ocrx_word' id='word_1_96' title='bbox 1460 1397 1526 1404; x_wconf 92' lang='lat'>——-</span> 
     </span>
     <span class='ocr_line' id='line_1_16' title="bbox 143 1447 1527 1517; baseline 0.002 -20"><span class='ocrx_word' id='word_1_97' title='bbox 143 1450 426 1497; x_wconf 68' lang='lat' dir='ltr'>Mac-hoelis</span> <span class='ocrx_word' id='word_1_98' title='bbox 472 1448 628 1510; x_wconf 80' lang='lat' dir='ltr'>Apafi</span> <span class='ocrx_word' id='word_1_99' title='bbox 668 1447 823 1497; x_wconf 89' lang='lat' dir='ltr'>Aurei</span> <span class='ocrx_word' id='word_1_100' title='bbox 870 1466 957 1498; x_wconf 85' lang='lat' dir='ltr'>sex</span> <span class='ocrx_word' id='word_1_101' title='bbox 1003 1454 1175 1499; x_wconf 85' lang='lat' dir='ltr'>variae</span> <span class='ocrx_word' id='word_1_102' title='bbox 1222 1448 1527 1517; x_wconf 89' lang='lat' dir='ltr'>magnitudi-</span> 
     </span>
     <span class='ocr_line' id='line_1_17' title="bbox 143 1525 1526 1599; baseline 0.001 -20"><span class='ocrx_word' id='word_1_103' title='bbox 143 1535 251 1591; x_wconf 89' lang='lat' dir='ltr'>nis,</span> <span class='ocrx_word' id='word_1_104' title='bbox 288 1545 504 1594; x_wconf 82' lang='lat' dir='ltr'>quorum</span> <span class='ocrx_word' id='word_1_105' title='bbox 540 1546 667 1578; x_wconf 90' lang='lat' dir='ltr'>unus</span> <span class='ocrx_word' id='word_1_106' title='bbox 700 1529 952 1597; x_wconf 88' lang='lat' dir='ltr'>decuplus</span> <span class='ocrx_word' id='word_1_107' title='bbox 986 1542 1300 1599; x_wconf 87' lang='lat' dir='ltr'>octogonus,</span> <span class='ocrx_word' id='word_1_108' title='bbox 1329 1525 1394 1582; x_wconf 45' lang='lat' dir='ltr'>‘et</span> <span class='ocrx_word' id='word_1_109' title='bbox 1439 1550 1526 1581; x_wconf 87' lang='lat' dir='ltr'>sex</span> 
     </span>
     <span class='ocr_line' id='line_1_18' title="bbox 145 1610 1525 1676; baseline 0.004 -20"><span class='ocrx_word' id='word_1_110' title='bbox 145 1615 371 1676; x_wconf 80' lang='lat' dir='ltr'>argentei</span> <span class='ocrx_word' id='word_1_111' title='bbox 405 1610 646 1660; x_wconf 84' lang='lat' dir='ltr'>unciales.</span> <span class='ocrx_word' id='word_1_112' title='bbox 682 1638 748 1644; x_wconf 94' lang='lat'>—</span> <span class='ocrx_word' id='word_1_113' title='bbox 785 1611 1015 1658; x_wconf 79' lang='lat' dir='ltr'>Emerici</span> <span class='ocrx_word' id='word_1_114' title='bbox 1052 1611 1100 1656; x_wconf 89' lang='lat' dir='ltr'><em>T</em></span> <span class='ocrx_word' id='word_1_115' title='bbox 1096 1614 1245 1673; x_wconf 77' lang='lat' dir='ltr'>okoly</span> <span class='ocrx_word' id='word_1_116' title='bbox 1292 1629 1406 1662; x_wconf 87' lang='lat' dir='ltr'>cum</span> <span class='ocrx_word' id='word_1_117' title='bbox 1455 1618 1525 1661; x_wconf 89' lang='lat' dir='ltr'>in·</span> 
     </span>
     <span class='ocr_line' id='line_1_19' title="bbox 144 1691 1525 1758; baseline 0.002 -19"><span class='ocrx_word' id='word_1_118' title='bbox 144 1694 417 1758; x_wconf 84' lang='lat' dir='ltr'>scriptione</span> <span class='ocrx_word' id='word_1_119' title='bbox 450 1705 658 1739; x_wconf 87' lang='lat' dir='ltr'>aversae</span> <span class='ocrx_word' id='word_1_120' title='bbox 687 1695 872 1758; x_wconf 76' lang='lat' dir='ltr'>partis,</span> <span class='ocrx_word' id='word_1_121' title='bbox 904 1691 1067 1737; x_wconf 83' lang='lat' dir='ltr'>Dulce</span> <span class='ocrx_word' id='word_1_122' title='bbox 1100 1702 1151 1738; x_wconf 85' lang='lat' dir='ltr'>et</span> <span class='ocrx_word' id='word_1_123' title='bbox 1174 1695 1403 1738; x_wconf 74' lang='lat' dir='ltr'>decorum</span> <span class='ocrx_word' id='word_1_124' title='bbox 1430 1712 1525 1756; x_wconf 85' lang='lat' dir='ltr'>pro</span> 
     </span>
     <span class='ocr_line' id='line_1_20' title="bbox 140 1773 1525 1840; baseline 0.006 -22"><span class='ocrx_word' id='word_1_125' title='bbox 140 1777 312 1834; x_wconf 79' lang='lat' dir='ltr'>patria</span> <span class='ocrx_word' id='word_1_126' title='bbox 341 1778 489 1822; x_wconf 84' lang='lat' dir='ltr'>mori.</span> <span class='ocrx_word' id='word_1_127' title='bbox 533 1780 675 1830; x_wconf 78' lang='lat'><strong>1683.</strong></span> <span class='ocrx_word' id='word_1_128' title='bbox 704 1789 1034 1823; x_wconf 80' lang='lat' dir='ltr'>aureusunus</span> <span class='ocrx_word' id='word_1_129' title='bbox 1054 1773 1406 1840; x_wconf 88' lang='lat' dir='ltr'>magnitudine</span> <span class='ocrx_word' id='word_1_130' title='bbox 1420 1794 1525 1826; x_wconf 85' lang='lat' dir='ltr'>me-</span> 
     </span>
     <span class='ocr_line' id='line_1_21' title="bbox 146 1851 1525 1911; baseline 0.001 -9"><span class='ocrx_word' id='word_1_131' title='bbox 146 1852 217 1902; x_wconf 80' lang='lat' dir='ltr'>dii</span> <span class='ocrx_word' id='word_1_132' title='bbox 250 1851 432 1901; x_wconf 72' lang='lat' dir='ltr'>thaleri</span> <span class='ocrx_word' id='word_1_133' title='bbox 466 1857 680 1903; x_wconf 75' lang='lat' dir='ltr'>circiter.</span> <span class='ocrx_word' id='word_1_134' title='bbox 718 1881 783 1888; x_wconf 88' lang='lat'>——</span> <span class='ocrx_word' id='word_1_135' title='bbox 824 1854 1314 1903; x_wconf 66' lang='lat' dir='ltr'>Franciscc&#39;liakoci</span> <span class='ocrx_word' id='word_1_136' title='bbox 1329 1859 1525 1911; x_wconf 85' lang='lat' dir='ltr'>Aureus</span> 
     </span>
     <span class='ocr_line' id='line_1_22' title="bbox 145 1931 1523 2014; baseline 0.003 -33"><span class='ocrx_word' id='word_1_137' title='bbox 145 1931 393 2000; x_wconf 85' lang='lat' dir='ltr'>decuplus</span> <span class='ocrx_word' id='word_1_138' title='bbox 429 1950 544 1981; x_wconf 86' lang='lat' dir='ltr'>cum</span> <span class='ocrx_word' id='word_1_139' title='bbox 568 1937 920 2014; x_wconf 48' lang='lat' dir='ltr'>&#39;inscriptione</span> <span class='ocrx_word' id='word_1_140' title='bbox 962 1952 1203 1984; x_wconf 83' lang='lat' dir='ltr'>aversae:</span> <span class='ocrx_word' id='word_1_141' title='bbox 1245 1939 1523 1985; x_wconf 79' lang='lat' dir='ltr'>Dimidium</span> 
     </span>
     <span class='ocr_line' id='line_1_23' title="bbox 135 2013 1525 2079; baseline 0.005 -19"><span class='ocrx_word' id='word_1_142' title='bbox 135 2013 286 2079; x_wconf 79' lang='lat' dir='ltr'>facti</span> <span class='ocrx_word' id='word_1_143' title='bbox 313 2018 398 2077; x_wconf 81' lang='lat' dir='ltr'>qui</span> <span class='ocrx_word' id='word_1_144' title='bbox 439 2014 559 2061; x_wconf 84' lang='lat' dir='ltr'>bene</span> <span class='ocrx_word' id='word_1_145' title='bbox 609 2018 772 2074; x_wconf 78' lang='lat' dir='ltr'>caepit</span> <span class='ocrx_word' id='word_1_146' title='bbox 817 2016 984 2064; x_wconf 81' lang='lat' dir='ltr'>habet.</span> <span class='ocrx_word' id='word_1_147' title='bbox 1066 2019 1227 2077; x_wconf 80' lang='lat' dir='ltr'>Opere</span> <span class='ocrx_word' id='word_1_148' title='bbox 1249 2053 1251 2055; x_wconf 59' lang='lat'>.</span> <span class='ocrx_word' id='word_1_149' title='bbox 1270 2021 1525 2067; x_wconf 80' lang='lat' dir='ltr'>libertatis</span> 
     </span>
     <span class='ocr_line' id='line_1_24' title="bbox 145 2092 1526 2162; baseline 0.007 -22"><span class='ocrx_word' id='word_1_150' title='bbox 145 2096 382 2142; x_wconf 75' lang='lat' dir='ltr'>inchoato</span> <span class='ocrx_word' id='word_1_151' title='bbox 412 2093 512 2143; x_wconf 83' lang='lat' dir='ltr'>&amp;c.</span> <span class='ocrx_word' id='word_1_152' title='bbox 546 2092 646 2142; x_wconf 92' lang='lat' dir='ltr'>duo</span> <span class='ocrx_word' id='word_1_153' title='bbox 683 2100 911 2161; x_wconf 83' lang='lat' dir='ltr'>argentei</span> <span class='ocrx_word' id='word_1_154' title='bbox 935 2097 1158 2147; x_wconf 80' lang='lat' dir='ltr'>unciales</span> <span class='ocrx_word' id='word_1_155' title='bbox 1186 2097 1415 2162; x_wconf 84' lang='lat' dir='ltr'>ejusdem</span> <span class='ocrx_word' id='word_1_156' title='bbox 1451 2104 1526 2150; x_wconf 84' lang='lat' dir='ltr'>iu·</span> 
     </span>
     <span class='ocr_line' id='line_1_25' title="bbox 149 2177 1525 2245; baseline 0.004 -21"><span class='ocrx_word' id='word_1_157' title='bbox 149 2177 439 2241; x_wconf 77' lang='lat' dir='ltr'>scriptionis</span> <span class='ocrx_word' id='word_1_158' title='bbox 471 2179 688 2243; x_wconf 81' lang='lat' dir='ltr'>actypi3</span> <span class='ocrx_word' id='word_1_159' title='bbox 726 2178 851 2225; x_wconf 88' lang='lat' dir='ltr'>alius</span> <span class='ocrx_word' id='word_1_160' title='bbox 883 2190 1149 2245; x_wconf 86' lang='lat' dir='ltr'>argenteus</span> <span class='ocrx_word' id='word_1_161' title='bbox 1168 2181 1378 2228; x_wconf 86' lang='lat' dir='ltr'>uncialis</span> <span class='ocrx_word' id='word_1_162' title='bbox 1408 2195 1525 2229; x_wconf 89' lang='lat' dir='ltr'>cum</span> 
     </span>
     <span class='ocr_line' id='line_1_26' title="bbox 145 2254 1524 2324; baseline 0.004 -19"><span class='ocrx_word' id='word_1_163' title='bbox 145 2254 455 2324; x_wconf 81' lang='lat' dir='ltr'>epigraphe:</span> <span class='ocrx_word' id='word_1_164' title='bbox 515 2255 853 2313; x_wconf 81' lang='lat' dir='ltr'>Concurrunt,</span> <span class='ocrx_word' id='word_1_165' title='bbox 906 2272 961 2305; x_wconf 79' lang='lat' dir='ltr'>ut</span> <span class='ocrx_word' id='word_1_166' title='bbox 1017 2262 1177 2310; x_wconf 79' lang='lat' dir='ltr'>alant.</span> <span class='ocrx_word' id='word_1_167' title='bbox 1248 2261 1524 2309; x_wconf 77' lang='lat' dir='ltr'>Concordia</span> 
     </span>
     <span class='ocr_line' id='line_1_27' title="bbox 145 2336 1525 2407; baseline 0.007 -24"><span class='ocrx_word' id='word_1_168' title='bbox 145 2336 469 2400; x_wconf 77' lang='lat' dir='ltr'>Religionum</span> <span class='ocrx_word' id='word_1_169' title='bbox 504 2349 604 2386; x_wconf 89' lang='lat' dir='ltr'>cet.</span> <span class='ocrx_word' id='word_1_170' title='bbox 675 2338 801 2386; x_wconf 84' lang='lat' dir='ltr'>Item</span> <span class='ocrx_word' id='word_1_171' title='bbox 842 2339 971 2389; x_wconf 87' lang='lat' dir='ltr'>alius</span> <span class='ocrx_word' id='word_1_172' title='bbox 1007 2351 1272 2407; x_wconf 89' lang='lat' dir='ltr'>argenteus</span> <span class='ocrx_word' id='word_1_173' title='bbox 1314 2342 1525 2392; x_wconf 89' lang='lat' dir='ltr'>uncialis</span> 
     </span>
     <span class='ocr_line' id='line_1_28' title="bbox 149 2417 1524 2485; baseline 0.007 -21"><span class='ocrx_word' id='word_1_174' title='bbox 149 2433 266 2466; x_wconf 86' lang='lat' dir='ltr'>cum</span> <span class='ocrx_word' id='word_1_175' title='bbox 310 2418 527 2468; x_wconf 84' lang='lat' dir='ltr'>Hercule</span> <span class='ocrx_word' id='word_1_176' title='bbox 571 2417 788 2484; x_wconf 82' lang='lat' dir='ltr'>hydram</span> <span class='ocrx_word' id='word_1_177' title='bbox 835 2432 1215 2485; x_wconf 81' lang='lat' dir='ltr'>prosternente,</span> <span class='ocrx_word' id='word_1_178' title='bbox 1252 2425 1303 2471; x_wconf 91' lang='lat' dir='ltr'>in</span> <span class='ocrx_word' id='word_1_179' title='bbox 1348 2438 1524 2473; x_wconf 83' lang='lat' dir='ltr'>aversa</span> 
     </span>
     <span class='ocr_line' id='line_1_29' title="bbox 149 2498 1525 2570; baseline 0.007 -25"><span class='ocrx_word' id='word_1_180' title='bbox 149 2508 310 2564; x_wconf 88' lang='lat' dir='ltr'>parte.</span> <span class='ocrx_word' id='word_1_181' title='bbox 346 2498 629 2563; x_wconf 84' lang='lat' dir='ltr'>Sequuntur</span> <span class='ocrx_word' id='word_1_182' title='bbox 676 2501 922 2549; x_wconf 83' lang='lat' dir='ltr'>Monetae</span> <span class='ocrx_word' id='word_1_183' title='bbox 972 2500 1035 2550; x_wconf 86' lang='lat' dir='ltr'>ab</span> <span class='ocrx_word' id='word_1_184' title='bbox 1074 2500 1259 2552; x_wconf 86' lang='lat' dir='ltr'>eodem</span> <span class='ocrx_word' id='word_1_185' title='bbox 1302 2508 1525 2570; x_wconf 81' lang='lat' dir='ltr'>signatae</span> 
     </span>
     <span class='ocr_line' id='line_1_30' title="bbox 148 2584 1526 2653; baseline 0.008 -27"><span class='ocrx_word' id='word_1_186' title='bbox 148 2594 252 2627; x_wconf 85' lang='lat' dir='ltr'>non</span> <span class='ocrx_word' id='word_1_187' title='bbox 285 2596 525 2647; x_wconf 84' lang='lat' dir='ltr'>expresso</span> <span class='ocrx_word' id='word_1_188' title='bbox 544 2593 714 2630; x_wconf 76' lang='lat' dir='ltr'>tamen</span> <span class='ocrx_word' id='word_1_189' title='bbox 746 2598 835 2631; x_wconf 90' lang='lat' dir='ltr'>suo</span> <span class='ocrx_word' id='word_1_190' title='bbox 868 2587 1102 2643; x_wconf 87' lang='lat' dir='ltr'>nomine;</span> <span class='ocrx_word' id='word_1_191' title='bbox 1142 2584 1383 2653; x_wconf 87' lang='lat' dir='ltr'>Argentei</span> <span class='ocrx_word' id='word_1_192' title='bbox 1408 2588 1526 2637; x_wconf 89' lang='lat' dir='ltr'>Flo·</span> 
     </span>
     <span class='ocr_line' id='line_1_31' title="bbox 149 2662 1520 2732; baseline 0.007 -25"><span class='ocrx_word' id='word_1_193' title='bbox 149 2662 256 2708; x_wconf 86' lang='lat' dir='ltr'>reni</span> <span class='ocrx_word' id='word_1_194' title='bbox 285 2672 498 2723; x_wconf 86' lang='lat' dir='ltr'>quatuor</span> <span class='ocrx_word' id='word_1_195' title='bbox 544 2676 658 2712; x_wconf 88' lang='lat' dir='ltr'>cum</span> <span class='ocrx_word' id='word_1_196' title='bbox 704 2668 1032 2731; x_wconf 81' lang='lat' dir='ltr'>inscriptione</span> <span class='ocrx_word' id='word_1_197' title='bbox 1078 2667 1193 2716; x_wconf 87' lang='lat' dir='ltr'>Mo.</span> <span class='ocrx_word' id='word_1_198' title='bbox 1236 2666 1369 2718; x_wconf 81' lang='grc' dir='ltr'><strong>Νου.</strong></span> <span class='ocrx_word' id='word_1_199' title='bbox 1396 2671 1520 2732; x_wconf 76' lang='lat' dir='ltr'>Arg.</span> 
     </span>
     <span class='ocr_line' id='line_1_32' title="bbox 140 2739 1523 2808; baseline 0.005 -17"><span class='ocrx_word' id='word_1_200' title='bbox 140 2739 280 2805; x_wconf 70' lang='lat' dir='ltr'>Beg.</span> <span class='ocrx_word' id='word_1_201' title='bbox 313 2741 478 2808; x_wconf 49' lang='lat' dir='ltr'>flung,</span> <span class='ocrx_word' id='word_1_202' title='bbox 512 2743 711 2794; x_wconf 83' lang='lat' dir='ltr'>Aereae</span> <span class='ocrx_word' id='word_1_203' title='bbox 738 2746 981 2798; x_wconf 79' lang='lat' dir='ltr'>Monetae</span> <span class='ocrx_word' id='word_1_204' title='bbox 1015 2763 1104 2798; x_wconf 76' lang='lat' dir='ltr'>sex</span> <span class='ocrx_word' id='word_1_205' title='bbox 1133 2749 1242 2806; x_wconf 64' lang='lat' dir='ltr'>Pr?</span> <span class='ocrx_word' id='word_1_206' title='bbox 1266 2750 1523 2801; x_wconf 78' lang='lat' dir='ltr'>Libertate</span> 
     </span>
    </p>
   </div>
  </div>
 </body>
</html>
