1690 3016
251 208 347 266 236
741 213 1107 261 «οωοεοοαφο

246 319 411 375 illius,
456 326 503 364 et
542 313 710 362 fratris
747 314 1004 382 Leopoldi
1048 314 1258 366 Archid.
1298 315 1518 367 adventu
1560 321 1611 374 in

242 387 467 448 Fodinas·
492 397 657 462 Hung.
697 395 790 443 Hic
822 401 1122 446 terminatur
1153 400 1303 446 series
1334 402 1614 445 Aureorum

246 481 570 545 Hungariae,
605 487 654 525 et
686 481 919 544 proximo
957 471 1078 526 folio
1114 478 1351 527 inchoant
1382 481 1542 525 Aurei
1566 488 1615 524 et

243 561 467 624 argentei
517 559 895 606 Trans'ilvaniae
939 576 967 608 a
1012 561 1259 617 Stephano
1297 560 1520 607 Bethor-i
1558 559 1617 603 de

243 639 465 703 Somli0‚
493 642 633 704 cujus
672 650 773 688 tres
806 644 942 689 aurei
983 641 1240 707 simplices
1285 639 1615 697 exhibentur,

245 723 542 772 Cibiniensis
584 738 710 770 unus
751 726 869 772 anni
911 737 1056 781 1574.
1103 723 1186 770 alii
1229 720 1330 770 duo
1376 718 1615 789 Nagyb'a·

241 809 476 871 nyienses
509 802 737 868 ejusdem
777 805 880 868 jam
934 803 1086 869 Regis
1134 804 1416 869 poloniae,
1478 819 1632 852 annos

247 887 392 944 1586,
427 890 626 954 signati.
679 885 1157 951 Sequitur‘aureum
1188 888 1387 936 unciale
1428 889 1613 936 numis-

236 985 320 1017 ma
348 968 668 1015 Elisabethae
697 967 932 1029 Botskay
950 1005 966 1030 .,
1007 979 1056 1016 et
1085 967 1225 1017 aliud
1247 969 1613 1027 christophori

235 1050 491 1108 Betthar-i,
530 1052 695 1098 mariti
733 1048 992 1113 ejusdem,
1024 1038 1184 1114 quiet
1214 1050 1369 1098 alium
1400 1042 1610 1097 minoris

236 1130 432 1179 formae
478 1145 720 1191 aureum,
769 1128 970 1193 duoque
1024 1141 1261 1196 argentea
1312 1134 1613 1179 numismata

236 1213 454 1262 uncialia
511 1211 694 1270 habet,
749 1211 1118 1269 Castrensium,
1173 1231 1236 1261 ex
1280 1230 1380 1261 una
1417 1223 1611 1261 tantum

236 1304 381 1362 parte
415 1296 724 1359 signatorum
746 1329 761 1351 ‚
792 1293 967 1342 formis
991 1310 1132 1342 ausa:
1156 1293 1271 1342 dein
1304 1295 1611 1357 Sigismundi

235 1374 460 1421 Bathori
487 1383 587 1421 tres
622 1375 787 1431 aurei,
830 1385 878 1421 et
919 1386 1132 1437 quatuor
1172 1378 1397 1440 argentei
1448 1372 1613 1422 diver-

239 1471 321 1508 sae
345 1451 707 1520 magnitudinis
740 1453 803 1502 ab
827 1470 958 1503 anno
996 1470 1137 1517 ¹59¹·
1162 1453 1227 1501 ad
1258 1457 1395 1501 1601.
1417 1447 1610 1521 pos-tre-

236 1553 348 1584 mus
377 1533 557 1595 horum
585 1534 779 1583 formae
812 1533 1087 1599 quadratae
1117 1551 1263 1583 cusus
1301 1535 1394 1584 fuit
1432 1551 1458 1583 a
1494 1538 1613 1583 civi-

235 1627 335 1664 tate
368 1613 665 1664 Coronensi.
731 1615 873 1664 Tum
916 1617 1158 1677 Stephani
1202 1618 1435 1678 Botskay
1475 1619 1612 1665 a'urei

239 1708 489 1762 quatuor,
539 1709 587 1745 et
646 1694 747 1746 duo
792 1699 1037 1763 argentei.
1108 1698 1388 1746 Intersertis
1431 1699 1643 1765 postea*

239 1777 438 1826 duobus
471 1777 738 1843 Argenteis
784 1780 989 1825 nomine
1018 1778 1301 1827 Rvnorpm
1332 1778 1392 1830 ΙΙ.
1422 1795 1449 1828 a
1479 1779 1611 1828 Cibi-

238 1863 401 1908 niensi
454 1862 659 1907 civit-ate
704 1874 837 1906 anno
884 1862 1026 1920 1605.
1066 1863 1348 1926 percussis,
1391 1856 1612 1909 occurrit

238 1943 435 1989 Aureus
471 1941 682 1990 uncialis
720 1939 1030 2004 sigismundi
1060 1942 1266 1986 Bakoci
1296 1958 1429 1990 anno
1466 1944 1610 1998 1608.

235 2026 473 2089 signatus.
509 2022 657 2071 Hunc
682 2024 938 2088 excipiunt
970 2023 1216 2069 Gabriele‘s
1248 2024 1469 2070 Barbari
1493 2040 1610 2088 qua-

235 2113 350 2151 tuor
384 2101 551 2152 ducati
598 2104 887 2169 simplices,
943 2114 991 2152 et
1033 2106 1249 2167 quinque
1287 2107 1479 2168 majora
1521 2121 1610 2153 nu-

232 2189 467 2236 mismata
500 2197 765 2252 argentea,
800 2202 1014 2249 quorum
1040 2189 1132 2235 tria
1151 2197 1261 2234 sunt
1286 2186 1606 2256 heterotypa:

229 2278 344 2335 post
394 2265 527 2314 hunc
571 2264 810 2316 locantur*
851 2264 1005 2315 Nuini
1053 2258 1309 2335 Principis'
1353 2268 1606 2316 Gabrielis

230 2351 442 2395 Bethlen
489 2351 594 2395 sine
644 2347 789 2395 titulo
832 2347 980 2396 electi
1027 2347 1180 2414 Regis
1199 2385 1226 2406 ,.
1265 2359 1383 2397 octo
1420 2365 1606 2419 nempe

230 2433 398 2488 aurei,
431 2439 479 2477 et
508 2432 726 2492 quinque
769 2432 994 2494 argentei
1033 2430 1202 2478 variae
1244 2427 1608 2494 magnitudinis

230 2526 290 2557 ac
316 2508 527 2558 formae.
572 2510 880 2555 Gathar-inae
909 2510 1371 2573 Brundeburgt'cae‚
1418 2506 1608 2561 Princi-⁴

231 2593 309 2658 pis
343 2588 600 2638 Gabi-ielis
632 2589 818 2639 viduae
837 2628 852 2650 ‚
881 2602 995 2640 sunt
1022 2591 1120 2639 duo
1145 2596 1283 2641 aurei
1315 2594 1605 2662 simplipes',

233 2669 360 2718 imus
388 2687 503 2739 eum
538 2668 703 2736 effigie
730 2673 1008 2738 Deiparae‚
1038 2673 1175 2721 alters
1198 2690 1311 2722 cum
1342 2685 1482 2723 scuto
1517 2673 1604 2723 he-

236 2749 430 2801 raldico
461 2752 514 2800 in
560 2763 703 2819 parte
737 2769 933 2803 aversa.
1006 2753 1245 2815 Stephani
1271 2757 1482 2804 Bethlen
1522 2769 1607 2804 au-
