1644 3022
577 193 953 242 Μ
1155 226 1161 230 .
1367 204 1434 252 55

70 301 284 356 quatuor
310 292 567 359 globulos.
637 293 717 341 De
742 307 983 341 manuum
1017 293 1341 355 extensione,
1380 303 1432 340 et

74 371 363 422 elevatione
385 375 559 423 notavi
583 375 634 421 in
662 371 794 442 libro
827 372 1058 421 Notitiae
1081 391 1132 434 p.
1165 382 1273 439 ¹⁰7·
1295 370 1431 422 hunc

72 453 229 502 fuisse
254 450 392 520 apud
423 464 623 505 veteres
646 453 954 503 Christianos
986 456 1235 503 orantium
1259 454 1430 500 ritum.

75 530 304 585 Accedat
336 547 472 582 nunc
517 535 618 583 alia
662 550 726 583 ex
761 533 1015 583 Chronico
1068 531 1430 584 Thurocziano

72 610 462 664 animadversio·
500 614 680 677 Capite
710 612 771 664 L.
797 625 1052 663 narratur:
1087 623 1203 680 post
1226 622 1432 678 captum

74 690 384 759 Belgradum
434 693 521 744 ubi
572 694 775 744 Nicetas
835 693 1156 743 Gubernator
1216 690 1428 742 liberam

74 771 679 827 discedendi‘facultatem
717 777 780 825 ab
813 769 954 843 Rege
984 774 1260 833 Salomone,
1314 771 1420 820 Du-

73 853 310 919 cibusque
359 853 525 918 Geyn
545 891 562 914 ,
630 867 679 904 et
729 855 965 906 Ladislao
992 856 1294 921 flagitasset,
1329 852 1421 902 hos

70 938 287 985 extensis
318 936 548 997 manibus
581 934 781 988 dedisse
810 940 1042 1003 signum,
1078 933 1217 1001 quod
1258 946 1430 1002 postu-

69 1017 182 1066 latis
223 1029 462 1068 annuant.
529 1019 783 1067 Manibus
811 1022 982 1080 itaque
1010 1033 1161 1082 regis,
1185 1026 1237 1063 et
1255 1018 1434 1064 ducum

73 1099 126 1143 in
142 1097 276 1157 fidei
295 1100 479 1162 pIgmes
507 1101 766 1170 estensis,
793 1099 925 1161 quod
955 1113 1042 1144 eos
1077 1099 1291 1159 amplius
1334 1112 1434 1143 non

73 1177 353 1236 laederent,
368 1176 371 1178 ’
389 1193 555 1224 omnes
571 1214 586 1239 ‚
620 1182 707 1240 qui
732 1183 783 1226 in
810 1193 925 1226 arce
952 1185 1097 1223 erant
1113 1207 1131 1230 ‚
1175 1177 1432 1223 descende-

72 1265 205 1306 runt.
238 1282 305 1292 ·—
336 1256 492 1324 Regis
519 1258 804 1308 Salomonis
823 1258 977 1307 Numi
994 1268 1109 1307 sunt
1123 1259 1288 1307 minus
1311 1258 1433 1320 rari,

70 1352 221 1401 quam
250 1352 408 1387 onst:
445 1336 486 1388 I.
525 1339 604 1387 De
635 1337 780 1403 hujus
807 1338 1010 1397 Numis‚
1051 1354 1152 1402 quo
1200 1346 1431 1404 tempore
1505 1338 1509 1340 ’

70 1416 330 1466 Notitiam
360 1420 468 1469 Rei
497 1421 647 1470 Num.
678 1420 846 1483 Hung.
896 1417 1308 1478 conscribebam‚
1346 1433 1434 1466 an-

75 1514 194 1565 ceps
223 1497 392 1559 haesi,
427 1515 492 1550 an
525 1501 610 1549 vel
648 1503 822 1550 unicus
865 1498 931 1548 ad
957 1510 1184 1550 nostram
1213 1508 1430 1547 aetatem

75 1583 392 1646 pervenerit3
443 1596 588 1640 nam,
639 1585 723 1645 qui
765 1580 888 1630 mihi
929 1591 1048 1631 tunc
1109 1584 1431 1628 innotuerunt

82 1658 263 1706 (ἰεῖσαι
292 1662 498 1711 nomine
539 1664 764 1727 inscripti
782 1697 801 1719 ,
834 1660 928 1709 hos
957 1678 1020 1709 ex
1053 1663 1200 1709 certis
1224 1661 1435 1708 criteriis

74 1736 436 1794 adSaequum
467 1740 579 1792 XII.
608 1740 834 1806 adeoque
864 1758 964 1791 non
995 1739 1060 1789 ad
1085 1743 1325 1807 primum,
1339 1735 1430 1786 sed

75 1817 142 1867 ad
172 1817 447 1870 secundum
482 1822 686 1870 Geisam
722 1820 894 1870 referri
940 1832 1176 1889 oportere
1226 1820 1433 1869 arbitra-

73 1902 185 1952 bar.
224 1899 462 1958 Videatur
502 1906 584 1953 cit.
622 1902 832 1950 Notitia
882 1919 938 1962 p.
991 1911 1101 1954 108·
1144 1916 1249 1962 seq.
1293 1909 1343 1946 et
1385 1916 1435 1960 p.

79 1997 190 2046 125.
224 1998 324 2044 seq.
360 1983 524 2032 Serius
554 1981 654 2032 duo
682 1981 877 2032 denarii
909 1984 1130 2050 argentei
1178 1997 1238 2029 ex
1263 1980 1435 2048 priva·

74 2076 240 2113 torum
269 2066 490 2129 scriniis,
526 2065 612 2114 ubi
641 2068 798 2132 ignoti
828 2066 1018 2117 latuere
1037 2101 1053 2124 ‚
1089 2061 1156 2112 ad
1192 2079 1274 2112 me
1319 2077 1433 2128 per·

74 2143 165 2192 lati
193 2155 338 2204 sunt,
372 2147 574 2210 jamque
602 2149 653 2194 in
679 2147 896 2213 publicis
926 2147 1116 2195 Museis
1134 2158 1437 2192 conservan-

77 2234 190 2284 tur,
219 2222 292 2273 de
335 2225 513 2290 quibus
558 2226 754 2277 nullum
804 2230 1011 2276 omnino
1074 2224 1281 2275 dubium·
1324 2230 1433 2274 esse

73 2309 261 2372 possit,
296 2311 414 2372 quin
462 2325 491 2357 a
529 2324 675 2358 emsa
702 2309 740 2359 1.
780 2317 925 2365 ante,
987 2319 1038 2357 et
1076 2317 1195 2374 post
1241 2305 1436 2356 aditum

78 2402 320 2452 regnum,
353 2386 540 2438 fuerint
579 2392 819 2455 percussi.
887 2387 1031 2436 Prior
1076 2386 1256 2435 horum
1295 2383 1432 2433 dono

71 2467 188 2517 RR'.
234 2466 502 2517 Michaelis
570 2470 827 2517 Winckler
876 2467 1130 2518 honorarii
1186 2465 1434 2516 Canonici

79 2549 312 2614 Quinque
334 2548 662 2600 Ecclesiensis
687 2549 865 2615 obtigit
894 2548 1082 2615 Regiae
1102 2548 1430 2597 scientiarum

79 2630 401 2681 Universitati
437 2631 676 2682 Pestiensi
708 2647 840 2681 anno
880 2637 1023 2682 1804.
1057 2644 1170 2678 cum
1208 2628 1437 2696 pluribus

78 2712 187 2760 aliis
231 2715 475 2780 antiquis,
510 2723 557 2761 et
585 2710 742 2763 medii
786 2715 900 2762 aevi
925 2710 1116 2761 Numis.
1169 2710 1264 2759 Hic
1295 2721 1437 2778 parte

1074 2793 1188 2844 Da
