1690 3016
684 120 1059 182 ἀμοοεῠοεφο·
1153 192 1156 195 ⁴
1209 137 1213 142 '
1465 142 1520 180 αι
1533 148 1560 188 7

186 236 415 287 mulieris
447 234 676 303 galeatae
702 233 1111 295 humivsedentia
1142 236 1291 285 laeva
1310 252 1462 286 manu
1495 248 1564 286 te-

182 329 271 369 net
301 317 544 366 bacillum
564 355 581 376 ,
617 316 746 366 alter
776 320 948 383 specie
976 320 1116 384 pueri
1153 319 1439 384 genuflexi,
1495 316 1566 366 adv

182 399 455 453 Caesarem
488 401 756 456 conversi,
792 396 968 446 dextra
1013 403 1143 465 gerit
1190 403 1566 466 cornucopiae,

180 484 385 533 sinistra
411 478 558 530 offert
588 491 839 550 pateram.
906 480 963 528 In
1018 480 1178 528 latere
1226 482 1427 530 sinistro
1475 480 1560 528 alii

180 563 284 614 duo
313 566 468 631 genii,
500 562 762 612 muliebris
779 559 994 621 sedens,
1031 562 1193 611 virilis
1219 563 1445 629 galeatus
1473 561 1562 611 ad-

179 660 320 698 stans
358 662 484 694 eum·
506 645 722 712 clypeo:
759 661 832 696 stc
863 661 982 695 xxx.
1014 661 1088 693 sm
1117 664 1268 695 xxxx.
1298 648 1559 712 inscripto·

178 730 235 778 In
269 733 374 778 imo
405 736 667 793 segmento
726 736 1172 793 tympanum,‘ac
1217 723 1320 775 duo
1366 726 1557 794 clypei.

177 808 238 857 In
271 808 563 876 peripheria
595 807 806 873 legitur:
845 805 1152 858 rumonus.
1186 823 1369 856 lucu.
1413 820 1562 856 umr-

136 954 139 956 η
175 906 319 940 mco,
341 903 730 938 nzaaniuaus
750 904 943 938 naonis
968 905 1253 941 ammons.
1276 890 1350 939 Ex
1369 889 1556 956 clypeo

173 974 353 1021 votivo
382 973 605 1030 eruitur,
646 970 984 1020 Lssopomvm
1014 971 1263 1038 Magnum
1308 973 1410 1036 jam
1465 974 1556 1020 tria

172 1051 341 1118 Regni
365 1055 439 1101 sui
457 1051 746 1118 -Hungarici
761 1049 1010 1114 decennia
1032 1053 1394 1120 complevisse,
1410 1069 1558 1117 quar·-

173 1145 384 1198 tumque
432 1131 736 1181 decennium
796 1130 1095 1191 inchoasse,
1167 1149 1266 1199 quo
1320 1132 1554 1200 tempore

170 1228 412 1281 praesens
442 1217 693 1261 numisma
738 1228 947 1271 cusum,
1000 1211 1269 1277 eidemque
1320 1213 1552 1264 oblatum

100 1350 102 1352 ,
165 1293 359 1343 fuerat:
398 1294 599 1342 calculo
636 1296 761 1345 inito
786 1294 850 1342 ab
885 1293 948 1343 A.
983 1294 1039 1343 C,
1082 1284 1226 1357 165'7.
1268 1312 1368 1361 quo
1410 1296 1548 1346 Patri

166 1388 259 1424 suo
293 1380 700 1434 successit‚aetas
729 1379 1047 1426 numismatis
1075 1376 1255 1429 incidit
1273 1381 1325 1426 in
1357 1394 1550 1427 annum

172 1459 322 1512 1687.
369 1456 453 1505 vel
498 1467 812 1521 sequentem.
843 1489 853 1496 -
888 1456 1098 1507 Constat
1147 1470 1351 1522 autem,
1412 1476 1547 1509 anno

167 1551 304 1584 nunc
342 1548 659 1595 memorato,
706 1541 944 1604 auspiciis
995 1549 1044 1587 et
1101 1543 1253 1589 armis
1310 1540 1549 1600 Leopoldi

166 1618 360 1680 Magni
382 1620 638 1684 potiorem
658 1619 760 1681 jam
794 1619 1083 1686 Hungariae
1116 1631 1316 1687 partem
1351 1638 1381 1669 a
1414 1619 1547 1670 Tur-

163 1700 275 1746 cico
306 1699 426 1762 jugo
457 1696 723 1746 liberatam
754 1698 907 1761 fuisse
928 1710 1128 1764 ‚atque
1162 1699 1280 1748 ideo
1316 1702 1544 1748 unanimi

166 1779 399 1827 Statuam
433 1788 482 1826 et
514 1777 767 1828 Ordinum
796 1797 1047 1830 consensu
1073 1780 1240 1847 legem
1272 1779 1337 1828 de
1368 1780 1542 1829 haere·
1605 1771 1611 1778 ⁴

163 1860 342 1911 ditaria
377 1865 695 1922 successione
728 1862 1019 1923 conditam,
1056 1865 1420 1924 Josephumque
1446 1866 1545 1930 pri·

136 1959 303 2014 ⁴,num
338 1946 447 1992 sine
481 1932 687 2011 praevia
713 1944 964 2001 electione
992 1955 1309 1994 coronatum.
1384 1942 1542 2012 Quod

159 2041 223 2073 ex
255 2022 451 2074 duabus
485 2024 755 2074 Pannoniis
778 2025 870 2073 sub
901 2024 1163 2076 schemate
1185 2025 1462 2074 Mulierum
1488 2029 1538 2073 in

159 2106 259 2158 hoc
289 2110 592 2156 numismate
612 2110 884 2174 expressis,
922 2109 1084 2159 altera
1109 2106 1380 2158 seminuda·
1399 2092 1539 2157 humi

158 2186 342 2236 sedens
369 2191 510 2252 quasi
528 2188 758 2236 manibus
785 2205 815 2237 a
842 2199 985 2256 tergo
1003 2191 1247 2255 revinctis
1270 2200 1535 2256 appareat,

121 2266 347 2320 ‘indicio
386 2281 494 2333 est,
544 2281 742 2338 partem
792 2269 958 2320 adhuc
1013 2272 1301 2338 Hungariae
1347 2269 1535 2320 Turcis

136 2351 431 2403 'obnoxiam
455 2351 547 2401 illo
580 2362 815 2420 ternpore
854 2352 1026 2404 fuisse.
1098 2353 1239 2403 Haec
1287 2351 1352 2401 de
1396 2369 1538 2401 mne·

158 2437 371 2484 monicis
400 2433 643 2495 Leopoldi
670 2434 756 2485 M.
797 2439 993 2500 numis,
1057 2452 1193 2485 nunc
1239 2451 1405 2503 pauca
1461 2434 1529 2484 de

159 2514 414 2565 usualibus
439 2514 667 2579 ejusdem
710 2516 971 2577 Monens,
1025 2514 1380 2570 describuntur
1398 2517 1461 2568 P.
1487 2520 1531 2565 1.

150 2597 318 2646 Catal.
355 2614 406 2659 p,
447 2610 733 2663 237—257.
781 2608 832 2647 et
870 2601 935 2649 P.
970 2598 1051 2649 II.
1085 2615 1136 2659 p.
1155 2613 1238 2656 70.
1255 2611 1354 2661 seq.
1392 2589 1531 2649 Inter

149 2677 346 2727 Aureus
378 2681 556 2729 ceteris
584 2683 746 2732 rarior
778 2691 879 2745 est,
930 2682 1017 2748 qui
1048 2690 1192 2750 parte
1206 2677 1412 2747 quidem
1432 2696 1529 2749 una
