1690 3016
189 170 289 226 334
690 141 1065 213 «hai-eamn-

187 282 285 315 vae
321 274 556 315 monetae
586 264 792 316 valeant
827 283 979 319 unam
1021 273 1310 336 antiquam,
1357 284 1408 324 et
1454 284 1560 324 tan-

189 355 298 396 tum
333 345 481 395 detur
509 363 605 413 pro
656 345 852 397 duabus
897 354 1077 414 novi5‚
1138 365 1381 416 quantum
1433 353 1557 403 olim

190 427 410 477 dabatur
446 444 539 494 pro
573 442 672 476 una
697 433 932 494 antiqua,v
967 441 1017 497 et
1047 435 1097 480 in
1130 431 1420 497 hujusmodi
1447 448 1557 494 usu,

175 527 248 559 ac
283 524 430 559 cursu
467 520 705 559 monetae
739 522 844 575 tam
889 529 1085 571 novae,
1131 530 1280 579 quam
1326 519 1559 580 antiquae

113 663 117 667 Α
189 595 405 641 mutatio
446 590 661 658 posthac
693 608 796 642 non
825 594 929 643 fiat.
1001 595 1102 663 Qui
1130 614 1252 647 vero
1296 607 1562 664 praenota?

190 679 252 725 tis
293 677 440 723 novis
477 677 722 739 monetis,
757 691 816 724 ac
847 680 1060 741 antiquis
1099 679 1246 728 aliter
1282 689 1560 739 uterentur,

191 772 340 821 quam
379 759 713 822 praemissum
750 766 861 815 est,
899 768 947 805 et
983 755 1064 807 res
1101 774 1212 807 suas
1263 760 1409 807 aliter
1438 776 1562 810 ven-

192 840 392 899 derent,
430 854 582 902 quam
613 836 903 887 ordinatum
932 848 1039 905 est,
1075 857 1197 888 mox
1233 858 1329 899 res,
1349 850 1400 890 et
1427 841 1562 891 bona

187 921 367 971 talium
399 936 489 986 per
519 917 782 981 Judicem,
820 930 905 968 aut
938 919 1225 971 Officialem
1273 924 1408 974 illius
1441 924 1562 983 loci,

189 1005 277 1054 ubi
311 1001 366 1053 id
398 1002 569 1060 fuerit,
606 1014 953 1069 occupentur,
993 1015 1043 1052 et
1071 1004 1389 1066 auferantur,
1443 1021 1565 1068 quo·

190 1102 304 1133 rum
334 1087 480 1133 tertia
505 1099 622 1151 pars
657 1081 806 1132 cedat
834 1082 1004 1133 Judici
1022 1085 1161 1144 ,vel
1175 1082 1414 1145 officiali,
1435 1081 1565 1134 duae
1629 1085 1636 1093 '

189 1184 325 1217 vero*
352 1177 520 1234 partes
545 1166 770 1235 Domino
805 1170 1060 1228 terrestri3
1113 1179 1375 1236 praeterea
1430 1179 1486 1217 ut
1535 1183 1565 1216 a

193 1248 391 1298 civibus
426 1245 658 1296 Civitatis
691 1257 893 1295 nostrae
929 1247 1218 1312 Budensis‚-
1251 1249 1562 1313 aliarumque

192 1334 451 1380 civitatum
489 1339 773 1377 nostrarum
804 1327 1113 1381 liberarum,
1149 1339 1199 1376 et
1228 1328 1446 1376 aliorum
1490 1329 1565 1376 lo-

193 1428 367 1461 corum
401 1420 755 1477 exemptor-um
776 1446 793 1471 ‚
829 1412 912 1472 qui
941 1407 1279 1473 undecunque
1309 1408 1374 1458 ad
1426 1410 1562 1468 loca,

190 1496 243 1543 in
274 1492 451 1557 quibus
481 1508 572 1540 nos
612 1490 854 1539 fuerimus
884 1492 1173 1554 constituti,
1208 1491 1294 1539 vel
1327 1489 1394 1539 ad
1429 1488 1566 1539 Civi-

192 1585 320 1623 tates
365 1571 735 1632 Cremniciam,
785 1568 1198 1630 Schemniciam,
1246 1570 1563 1629 Bistriciam,

193 1651 521 1720 Ujbanyam,
558 1664 607 1702 et
641 1654 791 1717 Feje'r
820 1650 1053 1718 Banyam
1076 1686 1091 1711 ,
1129 1651 1250 1701 alias
1302 1655 1566 1714 civitateS‚

192 1747 242 1786 et
276 1733 467 1804 oppida
499 1732 882 1797 montanai-um,
918 1747 1243 1798 quaecunque
1292 1734 1562 1801 vectigalia

191 1829 423 1884 quaestus
452 1820 610 1886 gratia
642 1815 959 1875 advexerint,
997 1816 1138 1864 nulla
1161 1817 1433 1877 tricesima,
1451 1817 1563 1866 nul-

185 1901 400 1964 lumque
426 1899 698 1958 tributum,
733 1907 817 1945 aut
855 1896 1102 1945 telonium
1143 1897 1402 1963 exigatur,
1470 1897 1562 1946 sub

194 1985 463 2031 amissione
498 1981 635 2029 illius
674 1979 805 2038 loci,
853 1980 905 2026 in
941 1992 1039 2041 quo
1089 1975 1379 2041 hujusmodi
1416 1978 1565 2027 Man·

197 2060 372 2112 datum
404 2070 634 2111 nostrum
667 2074 770 2108 non
807 2058 1188 2118 observaretur,
1240 2072 1354 2108 cum
1395 2060 1562 2107 -etiam

196 2146 423 2211 alioquin
453 2142 670 2212 praefati
698 2143 833 2191 cives
862 2142 1051 2199 nostri,
1123 2151 1171 2188 et
1202 2138 1564 2189 inhabitatores

195 2228 432 2278 locorum
456 2223 733 2274 liberorum
764 2219 1046 2271 secundum
1085 2219 1369 2287 privilegia
1389 2233 1563 2268 eorum

199 2307 263 2366 ab
319 2300 610 2372 hujusmodi
674 2302 995 2352 teloneorum
1058 2288 1391 2350 solutionibus
1449 2308 1565 2350 sunt

198 2390 439 2457 exempti.
509 2382 816 2435 Mandamus
847 2386 997 2450 igitur
1048 2383 1302 2432 Fidelitati
1335 2393 1564 2446 vestrae,

199 2482 249 2521 et
282 2469 488 2520 cuilibet
507 2478 732 2517 vestrum
766 2463 943 2514 harum
971 2468 1098 2514 serie
1113 2465 1393 2513 firmissime
1421 2476 1568 2529 prae·

200 2555 414 2619 cipimus
435 2585 452 2610 ,
489 2558 835 2617 praenotatam
868 2557 1126 2605 nostram,
1161 2556 1210 2593 et
1232 2543 1439 2593 Consilii
1479 2559 1568 2594 no·

200 2636 287 2682 stri
318 2629 689 2681 ordinationem
712 2625 777 2677 de
815 2638 1054 2687 moneta,
1092 2622 1156 2674 de
1179 2625 1500 2688 victualibus,
1517 2632 1570 2672 et

199 2700 345 2763 salvo
373 2708 630 2760 conduct-u
654 2696 1030 2776 negotiatorum
1065 2706 1337 2758 observare
1386 2702 1569 2756 debea-
