1690 3016
193 151 295 200 304
694 148 1069 191 macone-bo

190 261 308 297 neta
359 260 528 299 nostra
579 266 640 297 ex
669 265 770 298 una
806 260 948 316 parte
982 248 1190 298 habebit
1219 249 1432 299 Crucem
1480 248 1567 298 du-

191 331 471 397 plicatam,
519 349 580 379 ex
635 332 733 380 alia
771 348 895 381 vero
951 343 1094 399 parte
1137 331 1425 392 Coronam,
1477 349 1565 382 seu

189 413 411 463 formam
445 404 696 474 coronae,
733 425 782 462 et
819 412 1011 462 denarii
1042 413 1568 483 quadringentizejus-

189 495 313 544 dem
347 500 558 561 junioris
589 509 825 547 monetae
855 514 949 564 pro
989 514 1088 546 uno
1123 499 1318 545 ssoreno
1337 483 1440 544 auri
1463 514 1572 545 cur-

195 595 304 626 sum
345 576 600 636 habeant,
637 593 686 626 et
745 582 1070 645 recipiantur.
1153 579 1277 626 ltem
1325 576 1573 644 disposui-

194 676 336 718 mus,
375 656 512 723 quo'd
544 662 774 726 inprimis
803 678 897 728 pro
937 659 1260 709 inchoatione
1296 654 1451 719 'huius
1494 653 1574 706 cti-

197 744 353 789 sionis
382 751 622 790 monetae
651 739 880 805 nostrae,
919 753 968 791 et
990 740 1057 790 ad
1087 741 1461 791 emendandum
1500 758 1574 789 ar-

199 835 441 887 gentum,
480 839 539 871 ac
580 824 835 871 cambium
866 821 1155 872 faciendum
1190 839 1279 871 nos
1314 823 1460 871 mille»
1485 820 1574 867 du-

195 915 368 953 centos
397 905 619 952 florenos
638 908 762 964 auri,
778 907 874 972 ipsi
894 908 1044 953 etiam
1065 907 1202 952 cives
1232 907 1386 953 nostri
1419 901 1573 952 modo

197 982 360 1033 simili·
376 983 517 1032 mille
538 983 782 1033 ducentos
815 987 1038 1033 florenos
1058 979 1290 1034 similiter
1325 988 1454 1041 auri,
1491 985 1572 1046 qui

197 1065 347 1114 simul
366 1065 711 1131 computando
728 1065 917 1115 faciunt
933 1067 1007 1115 bis
1023 1067 1166 1116 mille
1181 1065 1575 1132 quadringentos

194 1146 417 1192 florenos
442 1149 566 1204 auri,
583 1144 834 1205 dabimus,
849 1165 972 1211 quae
993 1148 1199 1213 quidem
1219 1149 1424 1196 Summa
1447 1163 1573 1194 sem-

199 1243 291 1292 per
324 1229 376 1274 in
407 1225 622 1275 Camara
660 1240 831 1278 nostra
859 1247 952 1297 pro
990 1234 1278 1297 praemissi-s
1307 1229 1578 1296 expedien-

200 1308 275 1354 dis
307 1305 462 1355 debet
489 1324 767 1358 remanere.
838 1311 901 1358 Et
954 1309 1201 1374 quidquid
1249 1311 1395 1357 lucri-
1425 1310 1578 1357 fuerit

196 1391 248 1435 in
280 1398 518 1446 moneta,
557 1387 621 1436 de
655 1387 944 1453 hujusmodi
974 1391 1118 1439 lucro
1161 1395 1254 1458 ipsi
1287 1391 1438 1439 Cives
1486 1391 1576 1438 Ρο-

202 1472 459 1517 sonienses
491 1486 661 1517 coram
702 1471 779 1517 M.
815 1468 1052 1518 fidelibus
1083 1476 1265 1520 nostris
1300 1470 1575 1538 Stephano,

201 1561 248 1597 et
287 1548 514 1615 Georgio
547 1549 763 1616 Rozgon
796 1549 1275 1600 Comitibusnostris
1305 1552 1580 1600 Posonien-

201 1633 337 1689 sibus
385 1628 610 1680 debitam
666 1630 854 1680 facient
912 1632 1241 1691 relationem,
1309 1633 1579 1697 habitaque

200 1710 494 1776 hujusmodi
525 1716 753 1773 ratione,
791 1707 1112 1763 medietatem
1144 1715 1403 1777 talismodi
1435 1716 1579 1779 lucri,

201 1792 289 1843 vel
333 1807 396 1839 ex
425 1790 638 1841 Cambio
664 1796 1034 1859 proveniente,
1071 1799 1369 1861 praeattacti
1408 1794 1578 1843 Comi-

205 1884 279 1922 tes
323 1872 507 1921 tollere
564 1873 752 1923 debent
810 1887 1103 1942 semper-set
1155 1877 1362 1939 levare,
1423 1877 1578 1925 aliam

206 1972 331 2006 vero
361 1953 688 2004 medietatem
725 1955 957 2021 ejusdem
992 1957 1118 2005 lucri
1143 1962 1410 2007 memorati
1444 1946 1580 2007 eives

205 2040 366 2088 nostri
397 2035 463 2086 ad
491 2053 543 2086 se
570 2038 754 2087 tollere
785 2050 834 2087 et
883 2043 1109 2106 recipere
1129 2077 1144 2098 ‚
1193 2057 1257 2089 *ac
1287 2058 1379 2108 pro
1416 2059 1466 2089 re
1492 2058 1580 2108 pu-

193 2119 348 2169 blica
409 2128 459 2165 et
496 2123 758 2168 communi
802 2120 936 2170 bono
990 2138 1245 2188 exponere
1282 2120 1580 2180 debebunt,

208 2197 514 2263 tandemque
547 2199 610 2248 de
641 2198 973 2268 dispositione
1008 2215 1055 2249 et
1087 2205 1400 2268 expositione
1435 2200 1581 2263 hujus

210 2281 416 2346 singulis
458 2294 672 2345 quatuor
702 2283 1027 2350 ,temporibus
1091 2287 1211 2332 anni
1260 2287 1583 2350 praeattactis

212 2361 494 2413 Comitibus
523 2363 609 2412 vel
637 2365 746 2413 aliis
793 2370 974 2414 nostris
1014 2363 1320 2415 officiali-bus
1372 2365 1582 2433 plenam

211 2448 458 2493 rationem
490 2443 612 2495 dare
638 2456 890 2496 tenentur.
927 2466 995 2482 ·····
1028 2469 1095 2481 --
1127 2450 1196 2483 '--

1525 2776 1587 2825 ΙΙ.
