1690 3016
661 203 1037 251 uzu-oenoe<-
1421 211 1529 260 3⁰7

206 305 250 363 .·)
280 305 426 358 Haec,
456 314 500 346 et
526 312 763 358 sequentes
795 302 1155 345 constitutiones
1208 313 1353 357 usque
1380 302 1437 342 ad
1466 302 1519 345 N.

317 375 519 416 XXVIII.
535 375 782 429 descriptae
810 375 991 414 fuerunt
1021 375 1067 414 in
1095 372 1289 414 Archivo
1330 372 1522 414 Liberae

318 445 574 497 Regiaeque
600 446 798 486 civitatis
830 444 1156 484 Cremnicensis
1174 469 1188 490 ‚
1231 443 1519 495 colli-artaeque¹

315 527 417 555 cum
463 511 767 566 originalibus
801 527 903 555 cum
933 513 1262 566 subscriptione
1283 511 1426 554 Jurati
1441 512 1520 554 Or-

319 572 485 623 dinarii
516 583 705 623 Notarii.

1452 804 1471 825 Ι

158 864 278 910 1405.
311 854 436 896 Idem
461 854 558 895 Rex
587 854 866 895 Minerarum
892 853 1179 903 effossionem
1221 855 1385 907 cuique
1416 851 1528 895 libe-

268 937 389 971 ram,
422 927 558 965 etiam
588 925 635 963 in
665 924 926 964 civitatibus
956 927 1184 964 montanis
1203 949 1217 971 ‚
1247 923 1461 965 admittit.

292 1045 399 1094 Nos
425 1047 791 1097 swxsmvnnvs
818 1048 915 1097 Dei
944 1046 1123 1097 Gratia
1170 1047 1281 1096 Rex
1327 1048 1530 1114 Hunga·

157 1131 293 1184 riae,
326 1128 642 1192 Dalmatiae,
681 1128 912 1178 Croatiae
945 1141 1041 1178 cet.
1097 1127 1332 1178 Marchio
1370 1128 1530 1177 Bran-

160 1204 491 1273 deburgensis
529 1207 629 1258 &c.
669 1210 808 1257 Sacri
839 1208 1059 1257 Romani
1086 1210 1293 1276 Imperii
1322 1222 1534 1273 genera-

157 1288 220 1337 lis
254 1289 518 1349 vicarius,
556 1301 605 1338 et
635 1289 798 1357 Regni
842 1290 1122 1338 Bohemiae
1174 1289 1535 1347 Gubernator,

156 1373 435 1419 memoriae
465 1370 883 1421 commendamus
914 1389 1007 1437 per
1042 1381 1351 1439 praesentes,
1393 1367 1533 1434 quod

160 1470 277 1502 cum
307 1453 414 1502 Nos
450 1453 644 1502 dudum
690 1457 821 1503 inter
862 1465 1050 1518 certa„
1078 1469 1206 1516 quae
1250 1456 1303 1501 in
1349 1451 1533 1517 Regno

159 1548 334 1585 nostro
365 1535 777 1603 dispensationis,
815 1546 863 1583 et
883 1534 1187 1601 prudentiae
1217 1545 1417 1583 nostrae
1437 1535 1535 1582 Re-

160 1620 304 1683 giae,
342 1633 495 1681 quam
542 1616 891 1682 gubernaculo
946 1614 1116 1664 debito
1161 1627 1210 1664 et
1250 1627 1536 1682 spontaneo

161 1698 370 1758 fovent,
408 1709 538 1747 etex
558 1696 657 1746 hoc
683 1699 975 1745 continuum
995 1700 1240 1764 recipiunt
1259 1701 1539 1745 incremen-

162 1793 299 1841 tum,
337 1780 402 1830 de
440 1779 516 1829 his
553 1792 602 1829 et
628 1781 738 1829 aliis
759 1779 967 1846 singulis
995 1782 1237 1845 sagaciter
1265 1776 1540 1844 disponere

165 1864 420 1920 volentes,
450 1881 511 1912 ex
545 1872 821 1927 augmento
874 1862 1200 1925 Majestatico
1240 1865 1434 1914 sincere
1460 1876 1542 1908 ac·

168 1957 335 2014 cepta,
372 1956 421 1994 et
451 1947 503 1994 in
530 1944 814 1995 archivario
846 1954 1048 1991 nostrae
1079 1946 1256 1992 mentis
1274 1940 1536 2010 disposita,

168 2026 380 2076 modum
434 2025 656 2093 augendi
714 2029 932 2075 mineras
981 2041 1302 2090 quascunque
1344 2028 1450 2072 sive
1490 2027 1542 2072 in

169 2127 332 2170 aum,
369 2113 477 2159 sive
502 2120 743 2176 argento,
780 2113 890 2158 sive
942 2108 1045 2157 alio
1096 2124 1395 2172 quocunque
1440 2123 1545 2154 me·

170 2193 297 2242 tallo
329 2195 573 2251 existant,
622 2194 750 2241 sicut
796 2193 1058 2250 invenire,
1117 2194 1542 2253 inventorumque

169 2285 357 2324 sortem
386 2285 435 2322 et
466 2274 697 2322 laborem
729 2283 987 2341 sperantes
1024 2271 1161 2322 salve
1203 2286 1543 2331 conservare,

168 2355 302 2407 hanc
329 2358 544 2423 gratiam
568 2353 860 2421 generalem
886 2353 1121 2402 omnibus
1149 2352 1427 2400 liberaliter
1456 2350 1546 2399 du·

169 2440 336 2486 ximus
364 2434 613 2498 faciendi,
649 2432 786 2499 quod
813 2434 965 2483 liceat
988 2435 1267 2499 quamlibet
1285 2433 1548 2482 honestam

169 2534 475 2586 personam,
510 2515 577 2565 ad
606 2515 955 2582 quaerendas,
991 2528 1041 2565 et
1088 2513 1407 2564 effodiendas
1452 2519 1544 2564 mi-

168 2615 336 2648 meras
378 2610 591 2667 aptam,
644 2602 696 2647 in
739 2601 986 2647 universis
1039 2600 1300 2647 Montanis
1364 2602 1543 2648 nostris

168 2679 383 2730 ubilibet
418 2684 468 2728 in
497 2680 678 2747 Regno
709 2689 881 2728 nostro
916 2678 1094 2728 habitis
1125 2690 1174 2727 et
1220 2680 1544 2727 existentibus

169 2757 417 2812 videlicet
441 2759 754 2827 Cremnicia,
793 2759 1111 2813 Schemnicia
1130 2798 1147 2824 ‚
1190 2758 1551 2827 Konigsberg,

1176 2841 1222 2889 U
1261 2857 1287 2888 2
