1690 3016
215 179 315 233 352
724 180 1103 224 «hamam-»-

213 291 319 327 tem
349 289 398 328 et
433 277 684 330 Gratiam.
757 279 831 328 Ex
860 282 1080 344 querelis
1127 291 1175 330 et
1220 281 1595 348 supplicatione

210 358 441 410 fidelium
475 370 766 409 nostrorum
800 360 1145 421 Prudentum‚
1183 374 1233 410 et
1273 361 1593 430 Circumspe-

212 455 410 493 ctorum
440 438 712 504 Judicum‚
773 454 822 491 et
848 445 1130 508 juratorum
1180 448 1369 494 civium
1400 455 1595 512 septem

212 529 478 576 civitatum
512 508 802 574 nostrarum
829 537 1187 574 montana-“um
1228 525 1558 594 intelligimus
1581 560 1596 582 ,

212 607 429 671 qualiter
462 605 697 655 nonnulli
732 618 898 656 essent
928 624 990 656 ex
1023 609 1202 667 vobis,
1239 611 1322 673 qui
1355 604 1596 655 concives

213 704 421 751 eorum,
460 699 507 737 et
526 690 678 736 etiam
707 687 836 735 alios
866 687 1093 738 forenses
1120 689 1350 738 homines
1381 705 1440 736 ac
1467 704 1596 736 mer·

153 767 164 782 ’
211 780 407 818 catores
433 769 483 818 in
510 785 656 817 usum
675 779 987 830 nostrorum,
1009 781 1059 819 et
1085 770 1439 819 Serenissimae
1462 767 1599 818 Prin-

211 854 337 919 cipis
370 852 624 900 Dominae
651 851 879 900 MAR1AE
906 851 1150 919 Reginae,
1177 854 1371 902 Sororis
1390 863 1594 902 nostrae

209 933 535 983 charissimae
561 931 900 992 subditorum,
938 950 1048 993 res,
1085 945 1135 983 et
1154 951 1347 984 merces
1369 932 1437 984 ad
1455 950 1600 992 mon-

211 1027 353 1065 tanas
394 1018 626 1065 civitates
656 1025 853 1064 nostras
887 1014 1263 1075 convehentes,
1300 1020 1350 1066 in
1384 1020 1481 1066 viis
1511 1030 1603 1082 pu-

211 1097 358 1146 blicis
393 1099 446 1146 vi
501 1094 857 1160 adorirentur,
915 1108 1064 1163 atque
1110 1098 1296 1162 Equis,
1338 1100 1602 1165 pecuniis,

211 1195 271 1227 ac
308 1177 456 1226 rebus
483 1178 721 1226 omnibus
759 1179 1074 1245 spoliarent,
1111 1195 1473 1244 nonnunquam
1521 1194 1601 1227 ca-

210 1270 423 1328 perent,
463 1272 512 1307 et
540 1262 591 1308 in
620 1258 745 1309 dura
780 1250 1369 1326 captivitate‘tenerent.
1419 1258 1478 1307 Id
1515 1276 1602 1308 au·

209 1352 315 1391 tem
347 1358 408 1389 eo
448 1353 715 1408 praetextu
748 1340 974 1391 facerent
996 1382 1011 1404 ‚
1049 1345 1187 1405 quasi
1214 1345 1310 1408 ipsi
1328 1351 1595 1408 argentum

213 1419 524 1482 educerent,
564 1437 679 1469 cum
727 1433 899 1471 tamen
951 1421 1077 1470 nihil
1123 1420 1260 1488 apud
1294 1437 1379 1470 eos
1402 1423 1600 1487 argenti

210 1520 317 1555 non,
357 1505 463 1552 cusi
501 1507 815 1571 reperirent,
856 1515 907 1553 et
939 1492 1267 1552 nihilominus
1317 1519 1404 1551 eos
1446 1502 1596 1551 rebus

208 1589 314 1635 suis
361 1586 672 1653 spoliarent,
710 1595 758 1633 et
790 1596 966 1651 captos
986 1595 1234 1633 tenerent.
1307 1583 1415 1631 Hac
1448 1586 1599 1650 igitur

210 1671 439 1739 ipsorum
485 1665 808 1717 subditorum
863 1678 1149 1716 nostrorum
1219 1667 1596 1734 supplicatione

210 1760 453 1817 accepta,
491 1748 728 1798 nolumus
750 1779 768 1802 ,
806 1759 860 1797 ut
880 1751 1130 1815 quispiam
1160 1765 1340 1796 eorum
1366 1745 1592 1796 indebite

210 1835 568 1900 opprimatur,
608 1830 997 1894 calamitateque
1030 1827 1281 1878 afficiatur
1322 1827 1388 1876 ob
1430 1843 1596 1876 vanae

212 1915 513 1980 suspicionis
543 1922 896 1977 praetextum,
934 1922 1018 1959 aut
1050 1911 1261 1973 alicujus
1309 1911 1560 1958 sinistram
1580 1948 1597 1971 ‚

213 1993 497 2057 falsamque
527 1991 859 2070 delatiojiem.
930 1992 1100 2059 Quare
1131 1990 1311 2047 vobis,
1344 2001 1394 2038 et
1436 1987 1598 2038 fideli-

212 2078 303 2125 tati
340 2085 574 2132 vestrae,
622 2090 681 2121 ac
721 2084 950 2133 vestrum
986 2072 1208 2121 ‘cuilibet
1247 2069 1423 2120 harum
1471 2072 1599 2119 serie

213 2158 429 2206 firmiter
462 2158 827 2203 committimus
864 2163 913 2202 et
961 2152 1299 2213 mandamus,
1355 2164 1601 2216 quatenus

214 2235 472 2307 praelatos
502 2237 639 2283 cives
682 2233 913 2284 subditos
942 2246 1174 2287 nostros,
1226 2247 1285 2280 ac
1338 2233 1601 2282 serenissi-

213 2335 333 2370 mae
363 2317 559 2366 Sororis
589 2327 825 2376 nostrae,
861 2318 1087 2382 aliosque
1117 2328 1348 2375 exteros,
1385 2319 1468 2380 qui
1510 2332 1600 2364 ne.

213 2401 473 2470 gotiorum
511 2414 715 2448 suorum
750 2398 1166 2466 peragendorum
1207 2401 1370 2463 gratia
1413 2395 1481 2445 ad
1535 2400 1601 2446 ci·

215 2487 398 2534 vitates
430 2493 625 2531 nostras
670 2490 933 2531 montanas
968 2494 1259 2528 commeare
1296 2477 1483 2538 solent,
1512 2477 1601 2527 hu·

214 2563 441 2630 jusmodi
481 2561 951 2621 interfectionibus,
990 2574 1039 2609 et
1069 2562 1388 2629 captionibus
1419 2569 1467 2611 in
1509 2577 1601 2629 pu·

213 2644 355 2696 buca
382 2649 466 2695 via
504 2641 708 2694 afficere
743 2660 846 2693 non
893 2642 1158 2703 debeatiS,
1206 2641 1298 2692 sed
1350 2646 1478 2709 siqui
1523 2659 1604 2693 su·

218 2738 382 2794 specu
418 2742 527 2775 esse
558 2742 711 2794 super
742 2724 1014 2776 eductione
1051 2726 1247 2793 agenti
1275 2724 1605 2784 videbuntur,
1672 2727 1676 2730 ⁴

1513 2821 1604 2855 em
