1690 3016
184 142 283 198 346
681 143 1060 191 nemeaea-⁶.

183 263 387 314 semper
424 245 708 313 Augustus,
747 245 918 297 Infans
953 248 1346 315 Hispaniarum,
1385 249 1566 303 Archi-

186 326 289 376 dux
320 327 585 386 Austriae,
623 330 740 378 Dux
769 328 1096 396 Burgundiae
1132 341 1228 381 cet.
1301 329 1565 383 Fidelibus

180 412 367 458 nostris
404 406 743 475 prudentibus
766 447 781 469 ,
819 422 869 458 et
897 412 1311 478 circumspectis,
1367 410 1566 473 Judici,

183 502 235 540 et
256 493 437 560 'juratis
478 489 689 540 Civibus
725 502 920 559 septem
960 491 1236 541 Civitatum
1276 505 1562 543 nostrarum

183 573 556 635 Montanarums
578 571 803 622 Salutem
832 610 847 633 ,
900 585 967 622 et.
1004 572 1284 624 Gratiam„
1321 575 1566 645 Intelligi·

182 669 330 710 muS,
366 650 506 720 apud
545 669 641 702 vos
673 664 903 703 veterem
934 666 1195 704 monetam
1222 656 1570 724 Hungaricam

183 737 237 783 in
268 734 483 783 Camera
530 743 700 784 nostra
749 733 1116 785 Cremniciensi
1174 753 1342 787 cusam
1384 756 1572 805 nequa-

112 866 115 870 >
183 831 333 879 quam
378 818 427 864 in
459 818 680 883 pretium
714 818 1033 882 victualium,
1070 827 1119 865 et
1149 817 1362 868 aliarum
1393 836 1563 872 rerum

184 896 444 944 venalium
476 898 667 963 recipi,
705 897 841 946 unde
870 910 976 946 tum
1020 901 1069 946 in
1120 896 1310 948 Castris
1351 883 1563 963 nostris,

183 993 312 1041 quae
348 993 482 1026 nunc
507 978 701 1042 aliquot
729 978 895 1044 Regni
938 980 1065 1028 locis
1098 978 1165 1027 ad
1213 978 1565 1034 defensionem

180 1060 435 1117 Ditionis,
489 1058 819 1124 fideliumque
878 1071 1170 1109 nostrorum
1205 1065 1371 1128 posita
1421 1075 1566 1121 sunt,

183 1152 291 1189 tum
321 1143 471 1188 etiam
507 1141 626 1190 alibi
658 1143 708 1189 in
742 1144 845 1189 istis
877 1140 1160 1192 civitatibus·
1194 1145 1378 1191 nostris
1399 1149 1568 1212 magni

182 1238 333 1287 saepe
369 1224 419 1269 in
450 1221 817 1270 commeatibus
851 1232 899 1270 et
941 1222 1052 1290 aliis
1082 1220 1246 1271 ‘rebus
1291 1222 1357 1272 ad
1406 1229 1566 1288 quoti·

184 1301 392 1360 dianum
420 1320 565 1352 usum
609 1308 904 1354 necessariis
969 1307 1271 1371 contingunt
1316 1306 1561 1357 defectus.

184 1383 313 1434 Cum
340 1394 508 1448 autem
545 1387 596 1437 in
632 1397 895 1451 postremo
949 1385 1246 1436 Posoniensi
1297 1386 1569 1439 Conventa

188 1460 451 1534 decretum
486 1467 579 1525 sit,
618 1476 673 1515 ut
705 1476 911 1514 moneta
938 1468 989 1514 in
1039 1466 1174 1516 dicta
1223 1467 1440 1519 Camera
1486 1488 1571 1520 no·

188 1556 289 1594 stra
325 1544 691 1596 Cremniciensi
723 1561 840 1595 cusa
868 1557 972 1598 tam
1001 1558 1147 1596 vetus
1167 1564 1320 1613 quam
1349 1566 1486 1599 nova
1519 1553 1569 1600 in

187 1626 421 1678 omnibus
450 1625 616 1693 Regni
648 1630 807 1677 nostri
841 1628 1068 1694 partibus
1119 1631 1169 1677 in
1224 1645 1317 1678 usu
1360 1633 1458 1695 sit,
1522 1643 1573 1682 et

185 1706 368 1759 eadem
401 1711 717 1777 rationexpro
749 1709 989 1762 omnibus
1014 1711 1164 1760 rebus
1180 1713 1448 1765 venalibus
1479 1715 1572 1769 sub

184 1806 358 1856 poena
394 1791 676 1841 amissionis
711 1807 878 1841 rerum
909 1795 1133 1858 ipsarum
1165 1792 1424 1844 venalium
1464 1795 1570 1845 uhi-

186 1887 284 1935 que
310 1874 617 1938 accipiatur,
657 1874 1019 1924 committimus
1063 1884 1109 1921 et
1141 1872 1442 1926 mandamus
1483 1893 1572 1924 vo-

186 1953 265 2007 bis
294 1951 470 2006 harum
501 1955 627 2005 serie
659 1954 977 2012 firmissime,
1015 1965 1068 2005 ut
1098 1958 1321 2022 acceptis
1341 1972 1574 2022 praesen-

104 2046 107 2048 “
185 2034 320 2083 tibus
344 2031 662 2100 praedictam
698 2036 1111 2083 constitutionem
1130 2035 1389 2102 publicam
1421 2051 1573 2103 super

189 2126 426 2166 monetae
459 2119 615 2185 ipsius
644 2116 1012 2175 veterislibero
1046 2133 1139 2165 usu
1171 2128 1346 2166 nostro
1365 2119 1572 2166 nomine

191 2198 508 2272 promulgari
544 2213 751 2257 curare,
791 2209 839 2247 et
869 2197 1173 2256 observare,
1210 2207 1570 2260 monetamque

190 2284 356 2348 ipsam
374 2321 389 2344 ‚
426 2290 655 2328 veterem
683 2295 842 2344 aeque
868 2289 921 2327 ut
951 2294 1145 2327 novam
1168 2314 1184 2338 ,
1223 2295 1317 2344 pro
1337 2277 1573 2330 omnibus

190 2361 375 2422 rebuS,
412 2372 461 2409 et
490 2361 742 2414 mercibus
790 2359 1056 2411 venalibus
1094 2362 1364 2425 accipere,
1403 2370 1450 2407 et
1491 2376 1573 2411 ac·

193 2445 292 2509 cipi
322 2441 489 2491 facere
526 2441 771 2492 debeatis.
842 2441 976 2490 Nam
1007 2440 1237 2505 alioquin
1292 2438 1481 2489 habent
1520 2443 1572 2492 in

192 2523 443 2573 mandatis
474 2541 502 2573 a
527 2525 675 2574 nobis
701 2524 877 2574 fideles
910 2526 1069 2573 nostri
1106 2523 1534 2572 Locumtenentes
1553 2562 1569 2585 ‚

194 2615 249 2678 et
279 2610 501 2673 supremi
529 2607 694 2676 Regni
728 2609 888 2656 nostri
921 2604 1186 2672 Capitanei
1207 2641 1224 2664 ,
1264 2614 1317 2652 ut
1362 2607 1411 2652 in
1455 2620 1576 2667 eos,

191 2690 274 2752 qui
309 2701 426 2758 post
465 2688 760 2755 hujusmodi
787 2686 1028 2741 Edictum
1059 2684 1225 2739 minus
1255 2684 1575 2746 obedientes,
