1690 3016
617 157 990 205 wem
1406 159 1498 213 283

403 222 421 248 0

131 272 183 311 et
210 261 311 311 Ins.
338 258 545 313 Ordinis
571 260 733 328 Regio
766 252 931 329 Neap·
965 263 1013 312 S.
1046 262 1267 313 Jannarii
1303 261 1504 325 Equite,

130 343 180 394 S.
210 343 269 394 C.
303 355 352 392 et
378 343 443 392 R.
478 335 546 394 Α.
573 345 648 392 Μ.
683 345 868 408 actuali
903 348 1080 395 intimo
1118 346 1283 394 Status
1326 343 1502 392 Consi-

126 424 254 496 lario
275 437 371 474 cet.
395 425 611 494 publicis
638 425 903 487 donatum,
930 439 1380 493 consecratumque
1406 430 1503 476 usi-

126 505 255 564 bus,
290 517 487 573 partem
518 508 687 562 Musei
714 508 1020 575 Hungaoeici‚
1050 513 1100 559 in
1133 509 1348 559 Pestana
1371 509 1498 558 urbe

122 586 382 654 erigendi,
435 594 720 640 constituet.
782 592 857 640 Ex
903 591 1149 661 Catalogo
1190 609 1326 642 nunc
1358 591 1496 641 edito

126 668 276 718 facile
305 674 470 735 quivis
501 670 565 720 de
596 690 808 721 numero
827 710 843 732 ‚
880 678 1083 723 raritate
1103 712 1118 734 ‚
1156 691 1215 723 ac
1238 680 1499 742 pi‘aestan-

122 754 191 800 tia
220 756 686 803 numismaticornm
727 755 920 818 Patriae
953 767 1155 805 nostrae
1197 760 1523 806 monumen-'

122 839 288 882 torum
307 871 323 892 ,
360 838 410 882 in
439 834 538 883 hoc
563 835 976 904 Numophylacio
1008 849 1392 896 contentorum,
1423 853 1498 885 ar-

123 914 399 966 bitrabitur.
452 944 516 950 —
563 916 621 980 4)
668 921 908 967 collectio
958 920 1330 968 Numismatica
1373 920 1499 968 Illu-

120 1000 348 1046 strissimi
382 999 445 1047 D.
477 999 686 1049 Comitis
716 999 954 1050 Gssosscu
989 1002 1277 1051 Fzsrz‘rics
1321 1000 1496 1050 Keszt-

121 1079 316 1146 helyini
345 1083 394 1128 in
427 1080 680 1130 Comitatu
712 1082 1039 1132 Szaladiensi.
1086 1083 1231 1132 Hanc
1268 1084 1391 1131 Exc.
1429 1082 1497 1132 D.

121 1160 306 1210 Comes
338 1164 571 1222 P-Avtvs,
612 1163 849 1213 Gzonsn
895 1165 1077 1227 Pater,
1131 1169 1372 1227 instituit,
1409 1169 1494 1229 qui

121 1253 170 1291 et
194 1246 467 1291 maximam
496 1256 692 1310 paxtem
723 1245 1008 1294 Numorum
1037 1246 1185 1309 hujus
1220 1246 1496 1295 collectio-

115 1327 193 1373 nis
237 1328 341 1373 aeri
386 1325 711 1374 incidendam
739 1330 987 1384 curavit,
1036 1346 1138 1376 non
1182 1332 1233 1377 in
1274 1328 1492 1391 tabuli5‚

115 1406 207 1456 sed
237 1410 288 1456 in
320 1411 561 1475 separatis
589 1425 683 1475 pro
718 1410 991 1472 cujuslibet
1014 1408 1167 1457 Numi
1201 1420 1389 1477 ectypo
1420 1410 1493 1458 la·

117 1490 319 1548 mellis,
353 1507 415 1539 eo
460 1491 669 1540 forsitan
713 1493 956 1549 consiliO,
1000 1502 1055 1540 ut
1098 1495 1189 1556 iis,
1236 1495 1320 1557 qui
1374 1495 1490 1540 insi·

113 1574 344 1636 gniorem
369 1575 659 1638 quempiam
695 1589 757 1620 ex
786 1572 861 1622 his
898 1572 1122 1621 Numum
1165 1569 1490 1627 describere,

115 1664 165 1702 et
195 1656 562 1701 commentario
595 1654 847 1703 illustrare
886 1654 1114 1712 vellent,
1156 1652 1353 1702 facilius
1401 1650 1490 1700 ad-

114 1738 243 1784 mitti
269 1746 438 1802 posset
467 1739 644 1795 unius,
686 1736 956 1785 alteriusve
994 1735 1204 1803 idgenus
1247 1734 1489 1784 lamellae

115 1835 232 1867 usus
267 1817 334 1866 ad
380 1816 816 1885 exprimendum,
859 1835 918 1866 ac
959 1815 1344 1885 praefigendum
1388 1816 1490 1864 Nu-

114 1918 199 1950 mo
230 1900 481 1966 descripto
507 1903 829 1949 iconismum·
862 1900 938 1949 Ex
961 1900 1096 1948 libro
1130 1901 1381 1948 rarissimo
1407 1898 1493 1946 Bi·

110 1982 401 2031 bliothecae
417 1982 1158 2051 HungaricaeSzeche'nyianae
1180 2024 1195 2045 ,
1214 1985 1298 2047 qui
1320 1984 1490 2030 omnia

110 2063 393 2116 Numerum
418 2066 580 2115 dictae
597 2066 926 2115 Collectionis
944 2067 1332 2114 Festeticsianae
1350 2074 1489 2131 ecty-

112 2165 207 2217 pa»,
244 2153 294 2196 in
326 2159 528 2195 centum
560 2160 607 2196 et
641 2166 729 2196 sex
768 2148 900 2197 foliis
945 2163 1182 2215 expressa
1227 2149 1485 2204 continet,

113 2243 305 2281 certum
333 2244 404 2281 est
423 2267 437 2289 ,
473 2235 770 2296 quingentas
801 2247 859 2279 ac
892 2229 1070 2279 decem
1096 2225 1384 2293 hujusmodi
1414 2238 1483 2273 ta-

111 2313 276 2365 bellas
304 2330 484 2362 aeneas
530 2329 624 2380 pro
669 2311 880 2362 totidem
923 2315 1087 2362 numis
1127 2321 1327 2378 paratas
1363 2310 1486 2357 exti-

110 2400 255 2456 tisse3
294 2411 355 2445 an
377 2398 652 2444 etiamnum
680 2393 891 2443 totidem
915 2435 930 2457 ,
966 2394 1050 2443 vel
1077 2395 1249 2462 plures
1279 2402 1485 2448 extent,

111 2482 482 2546 incompertum
517 2477 697 2526 habeo.
765 2478 930 2525 Series
971 2475 1255 2525 Numorum
1291 2478 1341 2523 in
1382 2471 1485 2523 hoc

112 2560 243 2608 libro
276 2563 450 2626 incipit
501 2560 563 2608 ab
611 2561 780 2606 Caroli
825 2558 1041 2606 Roberti
1085 2557 1287 2616 Aureo,
1329 2559 1480 2605 unico

111 2645 161 2690 in
203 2645 364 2708 prima
408 2642 522 2691 libri
565 2644 781 2708 pagina,
829 2643 878 2689 in
921 2639 1243 2705 sequentibus
1284 2640 1482 2705 paginis

72 2770 75 2772 ,
111 2732 383 2771 occurrunt
431 2732 646 2788 quatuor
691 2725 825 2773 aurei
877 2718 1124 2806 Ludgvici
1167 2717 1219 2768 I.
1265 2731 1481 2784 quorum
