1690 3016
204 150 343 202 39⁴·
705 142 1083 211 wan-04.-

210 247 502 299 fodinarum
523 285 540 308 ,
575 248 666 299 sed
694 253 845 300 etiam
887 248 1237 302 aedificiorum
1285 256 1585 319 quorumvis·-

211 327 278 378 ad
311 346 425 378 eam
452 328 852 382 necessariorum
872 365 888 386 ,
926 344 1103 401 utpote
1145 330 1483 395 Officinarum
1508 346 1584 385 tu·
1638 329 1642 334 ’

213 414 460 460 soriarum
479 445 495 468 ,
533 423 584 461 et
613 409 1112 478 liquefactoriarum,
1154 415 1506 482 malleaturae‚
1535 429 1588 468 et

212 492 425 542 aliarum
447 498 740 558 quarumvis
758 496 1109 547 machinarum
1125 501 1438 550 erectionem
1470 515 1588 550 cum

214 578 509 625 necessariis
553 593 713 642 aquae
738 576 1004 640 ductibus,
1040 580 1345 644 accessibus,
1374 584 1496 631 item
1538 592 1592 631 et

212 656 520 719 recessibus,
557 676 652 726 per
685 676 1006 725 consequens
1037 664 1187 719 etiam
1225 665 1352 722 viis»,
1378 675 1428 713 et
1460 675 1590 732 pon-

210 737 344 787 tibus
388 737 691 803 admittere,
727 739 1017 808 fundosque
1058 761 1154 811 pro
1195 743 1303 804 his,
1340 746 1394 794 in
1432 761 1594 810 quan·

211 829 323 869 tum
357 823 416 869 iis
451 825 575 871 citra
607 822 835 873 notabile
868 822 1116 875 damnum
1161 841 1338 894 suum,
1386 838 1437 876 et
1475 843 1592 895 pro-

212 912 460 952 ventuum
526 897 919 954 diminutionem
980 922 1156 956 carere
1219 916 1466 974 possunt,
1537 901 1596 952 id

167 1003 172 1010 -
213 979 354 1044 quod
383 999 478 1049 per
520 981 943 1036 Jurisdictionem
985 987 1359 1055 provincialem
1397 995 1594 1036 monta·-

215 1066 451 1112 nisticam
484 1068 537 1114 in
566 1078 742 1116 mutuo
777 1084 1029 1121 concursu
1057 1065 1477 1137 cognoscendum
1507 1083 1595 1116 ve-

216 1149 356 1205 niet,
393 1150 462 1195 ita
494 1159 544 1197 et
583 1149 724 1216 ligna
755 1154 984 1217 praecise
1017 1150 1170 1214 talia,
1203 1166 1333 1217 quae
1362 1165 1458 1218 pro
1479 1164 1596 1217 pro·

203 1230 331 1296 ,pria
354 1229 564 1278 Domini
599 1231 880 1292 terrestriS,
929 1242 980 1280 et
1016 1229 1338 1281 subditorum
1374 1231 1601 1283 necessi·

184 1378 186 1382 V
219 1321 324 1359 tate
354 1309 492 1360 haud
524 1316 877 1376 requiruntur,
929 1310 1164 1377 adeoque
1209 1315 1334 1361 citra
1369 1327 1598 1379 praemea

220 1391 468 1442 tuendam
506 1393 764 1460 lignorum
801 1391 1054 1456 ejusmodi
1085 1395 1486 1443 necessariorum
1510 1408 1598 1458 pe-

223 1477 421 1524 nuriam
453 1477 620 1542 pretio
655 1472 866 1524 distrahi
895 1484 1142 1542 possunt,
1176 1474 1450 1523 urbura'riis
1481 1488 1601 1539 erga

222 1559 445 1625 pretium
476 1573 539 1604 ex
574 1559 834 1604 communi
881 1573 975 1624 per
1021 1552 1439 1612 Jurisdictionem
1483 1571 1601 1622 pro-

222 1638 527 1699 vincialem,
564 1649 615 1686 et
643 1640 1090 1697 montanisticam,
1127 1649 1232 1706 tam
1280 1633 1455 1700 quoad
1488 1634 1600 1684 fun·
1650 1687 1654 1690 ,

224 1718 331 1768 dosx
358 1717 642 1783 ejusmodi,
680 1731 835 1783 quam
867 1730 917 1768 et
951 1719 1091 1785 ligna
1117 1714 1460 1784 suscipienda,
1485 1733 1603 1772 con-

225 1798 382 1870 digna
407 1804 760 1851 aestimatione
788 1798 1094 1860 eruendum,
1132 1816 1251 1866 erga
1281 1808 1599 1850 contractum

219 1884 565 1953 praeferenter
606 1880 790 1931 cedere
818 1881 1092 1933 tenebitur.

356 1963 513 2033 Quod
546 1967 586 2013 si
618 1979 747 2012 vero
778 1963 988 2012 Domini
1015 1973 1278 2012 terrestres
1305 1979 1400 2012 nec
1430 1962 1604 2013 fundis

221 2062 317 2114 pro
355 2047 650 2113 praemissis
685 2043 962 2105 aedificiis,
1012 2042 1291 2105 machinis,
1349 2055 1400 2093 et
1448 2062 1607 2110 aquae

223 2127 457 2177 ductibus
492 2130 822 2181 necessariis,
862 2142 957 2175 nec
989 2125 1143 2192 lignis
1168 2124 1234 2174 ad
1266 2125 1513 2177 culturam
1534 2125 1612 2176 fo·

225 2207 460 2259 dinarum
492 2210 744 2274 requisitis
789 2207 976 2272 absque
1009 2205 1223 2255 notabili
1253 2217 1603 2274 proventuum

228 2307 433 2340 suorum
457 2292 681 2354 jactura,
722 2290 1066 2353 silvarumque
1117 2305 1213 2355 pro
1265 2289 1510 2355 propria,
1561 2300 1609 2336 et
1652 2342 1655 2347 ,

228 2371 550 2422 subditorum
589 2375 891 2420 necessitate
943 2367 1384 2429 deservientium,
1453 2373 1613 2442 mani-

229 2458 358 2505 sesto
397 2454 600 2505 defectu
637 2471 808 2503 carere
841 2463 1089 2520 possunt,
1140 2449 1281 2516 quod
1329 2447 1507 2499 itidem
1561 2453 1613 2498 in
1685 2489 1690 2495 Α

231 2553 481 2587 concursu
521 2535 854 2605 provincialis
876 2572 891 2593 ,
931 2544 979 2582 et
1004 2543 1279 2581 montanae
1303 2529 1616 2581 Jurisdictio-

231 2624 310 2678 nis
345 2615 759 2684 cognoscendum
803 2618 927 2672 erit,
991 2614 1081 2662 tali
1120 2614 1172 2662 in
1229 2629 1346 2662 casu
1397 2611 1616 2661 liberum

230 2702 454 2755 Domino
489 2703 716 2751 terrestri
757 2698 1019 2749 arbitrium
1054 2695 1400 2761 relinquatur,
1441 2709 1526 2758 an,
1560 2703 1614 2742 et.
