1690 3016
650 130 1028 177 nto-0000(-
1428 134 1523 180 311

152 233 393 299 ceptione
431 228 690 279 talismodi
739 236 1020 299 pecuniae,
1074 249 1174 299 quo
1220 231 1286 285 ad
1328 232 1539 282 creden·

155 315 279 372 tiam
299 354 315 377 ,
353 324 399 374 et
427 313 528 362 alio
566 328 864 377 quocunque
887 312 1044 363 modo
1072 311 1291 363 fiendam
1335 317 1539 377 strictise

156 397 282 444 sime
317 394 622 451 authoritate
651 405 843 453 nostra,
866 395 1014 444 vobis
1032 394 1209 444 inhac
1228 406 1368 462 parte
1396 412 1538 461 prae-

153 478 378 527 sentibus
409 489 652 526 concessa
674 513 688 536 ,
726 489 774 525 et
813 478 1050 526 attributa
1071 518 1086 540 ,
1123 493 1331 545 prorsus
1363 488 1411 524 et
1446 493 1537 543 per

154 559 328 617 omnia
372 558 670 619 inhibeatis,
717 563 961 624 quoniam
1015 558 1206 609 nedum
1245 557 1539 622 hujusmodi

154 639 383 700 forenses
418 639 683 700 homines,
721 653 768 688 et
808 643 1139 708 alienigenas,
1176 653 1354 698 verum
1386 645 1538 706 etiam

155 738 334 770 omnes
373 722 535 782 alim,
574 726 733 772 immo
764 725 917 771 etiam
959 734 1009 771 et
1046 740 1139 771 vos
1185 722 1409 771 Comites
1453 738 1539 769 ve-

153 815 380 867 strosque
410 801 679 863 officiales,
718 815 764 853 et
796 804 1093 863 familiares,
1131 807 1358 871 exceptis
1391 802 1539 851 vobis

154 883 319 934 dictae
354 881 652 935 civitatis‘et
689 897 1043 935 montanai-um
1085 895 1372 935 nostrarum
1403 883 1543 932 inha-

153 966 485 1026 bitatoribus,
523 966 904 1035 abaemptionffi
942 978 992 1016 et
1021 977 1219 1032 questu·
1251 960 1545 1031 huJusmodi

156 1048 355 1097 auri'et
384 1043 579 1117 argenti
612 1044 759 1098 liberi
815 1050 1058 1098 volumus
1106 1048 1300 1116 habere
1340 1051 1546 1116 penitus

155 1128 440 1197 prohibitos
469 1133 519 1179 in
549 1129 641 1179 hac
668 1141 845 1197 parte,
881 1130 957 1181 his
996 1141 1169 1181 tamen
1202 1148 1296 1199 per
1346 1147 1549 1198 expres-

157 1227 268 1259 sum
313 1210 619 1270 declaratis,
659 1211 795 1276 quod
829 1211 1123 1277 hujusmodi
1160 1229 1337 1262 aurum
1389 1223 1440 1261 et
1475 1228 1552 1261 ar-

153 1292 363 1357 gentum
403 1290 467 1340 de
503 1292 649 1342 dictis
695 1298 950 1343 montanis
1007 1283 1349 1362 proveniens,
1375 1286 1377 1288 ¹
1406 1290 1548 1358 quod

157 1370 314 1423 debet
341 1373 402 1421 ab
460 1377 685 1423 invicem
730 1379 992 1442 separari,
1047 1376 1235 1433 nullibi
1292 1377 1548 1437 confluat,

94 1480 104 1496 ι
154 1470 322 1518 neque
354 1455 718 1516 comburatur,
755 1460 850 1505 nisi
880 1460 930 1506 in
974 1456 1154 1520 Gaza,
1177 1474 1279 1505 seu
1309 1461 1360 1506 in
1406 1458 1546 1515 loco,

161 1535 465 1585 authoritate
489 1540 668 1586 'nostra
700 1537 860 1604 Regia
890 1555 985 1606 per
1012 1537 1268 1587 Comitem
1292 1584 1295 1587 ,
1321 1542 1551 1605 ipsarum

165 1618 467 1667 urburarum
494 1630 783 1686 nostrarum
819 1637 912 1687 pro
945 1630 1179 1687 tempore
1218 1625 1551 1669 constitutum

164 1699 230 1747 ad
263 1698 314 1747 id
345 1697 622 1770 deputato,
660 1700 818 1767 vulgo
851 1700 1020 1749 Brenn
1054 1700 1271 1751 Gaaden
1326 1714 1549 1762 vocato,

163 1795 216 1831 ut
251 1780 437 1830 deinde
470 1799 589 1831 mox
615 1794 663 1831 et
691 1786 740 1831 in
777 1786 1056 1832 continenti
1076 1795 1311 1851 portetur
1339 1783 1405 1833 ad
1430 1785 1554 1834 flua-¹

166 1867 383 1923 torium,
422 1880 508 1913 seu
550 1868 937 1931 sep-aratorium,
967 1875 1439 1930 consequenterque
1455 1865 1553 1914 Co-

166 1951 276 1997 miti
315 1946 565 1996 dictarum
600 1946 902 1997 urburarum
934 1959 1250 2012 nostrarum,
1297 1949 1384 1998 vel
1443 1951 1556 2012 ejus

167 2028 410 2085 subditis,
446 2040 495 2077 et
537 2026 732 2077 ibidem
783 2016 880 2096 pro
927 2030 1199 2094 qualitate,
1243 2033 1554 2094 quantitate,

164 2121 215 2158 et
254 2111 431 2158 valore
464 2113 657 2174 argenti
690 2126 832 2158 more
868 2112 1020 2160 solito
1059 2127 1174 2160 cum
1205 2114 1425 2178 pecunia
1462 2126 1554 2176 per

167 2190 426 2239 Comitem
462 2188 710 2239 dictarum
741 2190 1051 2240 urburarum
1107 2201 1393 2240 nostrarum
1458 2207 1553 2257 pro

163 2285 400 2340 tempore
433 2273 759 2320 constitutum
779 2308 794 2331 ‚
830 2273 918 2322 vel
947 2274 1054 2337 ejus
1089 2271 1354 2322 Officiales
1395 2270 1559 2319 credi-

169 2357 267 2405 tori
305 2353 578 2402 satisfactio
610 2351 968 2420 impendatur,
1006 2369 1184 2402 aurum
1212 2369 1386 2404 veroa
1414 2350 1553 2412 diuo

173 2445 384 2502 argento
416 2443 703 2501 separatum
753 2432 923 2483 eidem
975 2426 1560 2503 CreditorLjnA‘fvecie

173 2518 463 2572 restituatur
491 2517 543 2563 in
578 2511 777 2563 effectu·
850 2514 1006 2565 Secus
1039 2518 1191 2581 igitur
1236 2531 1558 2580 nequaquam

175 2595 341 2645 facere
370 2599 537 2645 ausuri
566 2598 616 2644 in
654 2598 944 2663 praemissis
963 2633 980 2655 ‚
1000 2588 1167 2665 'prout
1197 2607 1422 2645 nostram
1449 2613 1562 2663 gra·

177 2678 442 2728 vissimam
470 2676 876 2744 indignationem
918 2681 1187 2729 incurrere
1241 2677 1570 2743 formidatis,⁴

1184 2759 1300 2820 Ua
