1690 3016
388 129 399 147 ι

137 166 238 219 308
643 163 1020 210 etonem·-

137 268 458 326 Bacabania‚
493 266 756 323 Bistricia,
793 274 844 313 et
879 262 1115 323 Libetha‚
1138 280 1249 313 cum
1275 259 1508 314 omnibus

137 354 452 420 pertinentiis
491 348 799 407 earundem,
839 359 887 396 et
919 359 1021 396 tam
1054 348 1105 395 in
1136 351 1349 412 antiquis
1369 366 1511 397 mon-

128 436 265 480 tium
291 431 477 488 fovess,
517 446 674 494 quam
718 432 864 494 novis
916 427 1094 486 facti3‚
1150 427 1234 476 vel
1270 426 1513 475 faciendis

136 516 355 580 apertiS‚
392 512 479 561 vel
511 512 692 559 clausis
732 526 888 575 aquae
939 513 1197 576 potentia,
1250 515 1341 558 aut
1388 511 1512 558 alias

140 594 409 644 casualiter
450 593 719 643 obstructis
769 604 873 641 arte
923 609 1009 640 seu
1047 596 1250 659 ingenio
1294 592 1513 641 hominis

139 680 480 742 cujuscunque
513 677 635 724 alias
670 674 940 725 casualiter
983 676 1253 725 obstructis
1297 680 1514 724 mineras

135 777 375 825 quaerere
421 771 470 809 et
499 757 731 827 effodere(
775 774 1130 823 quascunque,
1178 770 1228 807 et
1274 761 1324 805 in
1367 755 1514 822 hujus

133 842 670 908 gratiaeampliorem
724 840 952 890 favorem
1012 833 1386 895 decernitiius,'
1419 851 1515 889 sta-

133 929 318 975 tuimus
335 960 349 981 ,
387 936 435 973 et
456 923 773 986 declaramus
792 925 1132 991 praesentium
1162 926 1356 989 vigore,
1378 922 1512 987 quod

135 991 304 1055 nullus
343 1018 519 1054 contra
548 1005 798 1055 dictarum
826 1009 1134 1055 minerarum
1159 1004 1451 1076 inventOre's
1486 1023 1513 1054 a

137 1086 219 1136 die
253 1090 558 1135 inventionis
590 1087 734 1150 hujus
767 1088 992 1136 minerae
1040 1085 1386 1155 computando
1436 1104 1514 1136 us-

133 1187 229 1235 que
269 1167 336 1217 ad
370 1173 666 1218 continuum
695 1186 849 1218 unum
880 1187 1088 1233 annum,
1111 1174 1370 1238 signanter
1387 1172 1511 1221 Feu-

136 1250 302 1300 darius
332 1263 379 1299 et
410 1255 460 1300 in
493 1252 691 1317 vulgari
724 1250 1016 1300 theotonice
1034 1252 1303 1300 Leuhauer
1326 1251 1508 1310 dictus,

132 1331 424 1382 incutiendo
443 1370 458 1392 ‚
493 1333 579 1383 vel
608 1331 856 1381 fodiendo
872 1333 1192 1398 quidcunque
1216 1335 1404 1392 valeat,
1423 1351 1511 1382 seu

132 1425 423 1482 praesumat
452 1425 814 1481 attemperare,
852 1418 1119 1478 quominus
1153 1414 1318 1463 dictae
1354 1419 1513 1464 mine·-

132 1508 217 1545 ra'e
252 1499 489 1544 inventor
518 1512 647 1561 opus
677 1498 937 1562 inceptum
973 1512 1088 1551 cum
1123 1496 1429 1563 sumptibus,
1461 1503 1511 1545 et

130 1575 304 1625 labore
337 1576 583 1642 perficere
613 1579 789 1643 possit,
813 1577 945 1642 ipsas
970 1572 1188 1630 n'iineras,
1214 1575 1507 1625 effodiendo

132 1658 218 1707 vel
252 1658 377 1706 alias
431 1658 620 1706 utiliter
663 1655 932 1724 dirigendo
989 1657 1224 1707 libertate
1266 1656 1510 1726 praedicti

131 1743 277 1788 unius
309 1742 425 1789 anni
467 1739 743 1788 liberaliter
785 1737 1040 1799 fructum,
1089 1738 1273 1788 harum·
1317 1745 1510 1788 nostra*

131 1838 243 1869 rum
277 1821 568 1869 testimonio
620 1820 909 1870 literarum.-
985 1806 1316 1887 Quapropter·
1349 1819 1511 1869 fideli-

131 1903 226 1952 bus
252 1905 431 1950 nostris
454 1899 800 1968 prudent-ibus
829 1906 949 1951 viris
981 1902 1175 1952 Jacobo
1239 1901 1303 1952 de
1348 1902 1508 1952 Batha

133 1984 256 2032 alias
292 1981 356 2030 de
389 1981 640 2043 forodna,
711 1982 897 2032 Comiti
941 1985 1269 2033 ‘'urburarum
1317 1996 1508 2033 nostra-

131 2082 241 2113 rum
265 2101 281 2122 ‚
318 2078 388 2112 acr
410 2062 646 2112 Andreae
678 2064 1010 2116 Holalbrecht
1037 2065 1174 2115 dicto
1207 2056 1507 2115 urburarum

57 2194 60 2197 .
132 2158 417 2197 nostrarum
455 2148 678 2196 Stansori
704 2147 1507 2207 constituto,·et-constituendis,

130 2229 293 2295 Regio
335 2241 508 2279 nostro
545 2229 636 2278 sub
688 2227 870 2278 Edicto
905 2234 1295 2288 committimus,
1331 2241 1381 2278 et
1425 2230 1507 2277 fir-

129 2314 280 2359 miter
309 2308 638 2372 m'andamus,
677 2322 921 2375 quatenus
958 2322 1052 2379 per
1079 2313 1295 2380 amplius
1317 2352 1332 2375 ,
1362 2327 1509 2383 quas-⁴v

133 2407 326 2455 cunque
353 2391 589 2440 honestas
618 2401 672 2439 et'
710 2393 906 2441 nobiles
956 2410 1200 2461 personas
1241 2391 1306 2441 ad
1353 2408 1506 2457 quae·

130 2473 431 2537 rendaSLet
465 2470 780 2521 effodiendas
807 2477 1027 2523 mineras
1076 2484 1408 2543 praeatt-actas
1437 2476 1504 2522 ‘in

134 2551 278 2601 dictis
312 2555 436 2603 locis
471 2566 518 2604 et
546 2556 706 2603 foveis
735 2552 947 2621 antiquis
998 2568 1047 2605 et
1093 2560 1237 2606 novis
1285 2558 1502 2623 apertis,

131 2645 181 2682 et
213 2635 423 2699 cla-usis,
461 2636 634 2695 factis,
676 2648 724 2685 et
758 2638 1002 2687 faciendis
1025 2681 1040 2703 ‚
1077 2637 1341 2686 admitten’.
1369 2638 1504 2704 paci-

130 2717 253 2776 fice,
290 2710 625 2767 etad-missos
666 2719 859 2768 auxilio
886 2731 934 2770 et
966 2719 1176 2769 consil-io
1221 2734 1284 2767 ac
1324 2717 1499 2769 favore.
