<?xml version="1.0" encoding="UTF-8"?>
<!DOCTYPE html PUBLIC "-//W3C//DTD XHTML 1.0 Transitional//EN"
    "http://www.w3.org/TR/xhtml1/DTD/xhtml1-transitional.dtd">
<html xmlns="http://www.w3.org/1999/xhtml" xml:lang="en" lang="en">
 <head>
  <title>
</title>
<meta http-equiv="Content-Type" content="text/html;charset=utf-8" />
  <meta name='ocr-system' content='tesseract 3.04.00' />
  <meta name='ocr-capabilities' content='ocr_page ocr_carea ocr_par ocr_line ocrx_word'/>
</head>
<body>
  <div class='ocr_page' id='page_1' title='image "./catalogusnumorum03budauoft_0349.png"; bbox 0 0 1690 3016; ppageno 0'>
   <div class='ocr_carea' id='block_1_1' title="bbox 798 28 816 49">
    <p class='ocr_par' dir='ltr' id='par_1_1' title="bbox 798 28 816 49">
     <span class='ocr_line' id='line_1_1' title="bbox 798 28 816 49; baseline 0 0"><span class='ocrx_word' id='word_1_1' title='bbox 798 28 816 49; x_wconf 50' lang='grc' dir='ltr'>ἱ</span> 
     </span>
    </p>
   </div>
   <div class='ocr_carea' id='block_1_2' title="bbox 625 171 1508 233">
    <p class='ocr_par' dir='ltr' id='par_1_2' title="bbox 625 171 1508 233">
     <span class='ocr_line' id='line_1_2' title="bbox 625 171 1508 233; baseline -0.006 -14"><span class='ocrx_word' id='word_1_2' title='bbox 625 171 1005 219; x_wconf 57' lang='grc' dir='ltr'>αμυσαι-ού-</span> <span class='ocrx_word' id='word_1_3' title='bbox 1404 176 1508 233; x_wconf 68' lang='lat'>343</span> 
     </span>
    </p>
   </div>
   <div class='ocr_carea' id='block_1_3' title="bbox 28 275 1520 2124">
    <p class='ocr_par' dir='ltr' id='par_1_3' title="bbox 28 275 1520 2124">
     <span class='ocr_line' id='line_1_3' title="bbox 123 275 1510 343; baseline -0.001 -19"><span class='ocrx_word' id='word_1_4' title='bbox 123 284 442 338; x_wconf 80' lang='lat' dir='ltr'>assererent,</span> <span class='ocrx_word' id='word_1_5' title='bbox 476 275 703 324; x_wconf 84' lang='lat' dir='ltr'>minores</span> <span class='ocrx_word' id='word_1_6' title='bbox 751 291 864 323; x_wconf 85' lang='lat' dir='ltr'>esse</span> <span class='ocrx_word' id='word_1_7' title='bbox 911 275 1510 343; x_wconf 83' lang='lat' dir='ltr'>proventusCamerae‚</span> 
     </span>
     <span class='ocr_line' id='line_1_4' title="bbox 122 356 1508 424; baseline -0.001 -20"><span class='ocrx_word' id='word_1_8' title='bbox 122 372 275 422; x_wconf 87' lang='lat' dir='ltr'>quam</span> <span class='ocrx_word' id='word_1_9' title='bbox 306 367 359 404; x_wconf 89' lang='lat' dir='ltr'>ut</span> <span class='ocrx_word' id='word_1_10' title='bbox 391 366 660 422; x_wconf 86' lang='lat' dir='ltr'>argentum</span> <span class='ocrx_word' id='word_1_11' title='bbox 692 356 852 424; x_wconf 82' lang='lat' dir='ltr'>pluris</span> <span class='ocrx_word' id='word_1_12' title='bbox 874 399 889 420; x_wconf 86' lang='lat'><strong>‚</strong></span> <span class='ocrx_word' id='word_1_13' title='bbox 926 372 1079 421; x_wconf 86' lang='lat' dir='ltr'>quam</span> <span class='ocrx_word' id='word_1_14' title='bbox 1123 356 1394 416; x_wconf 80' lang='lat' dir='ltr'>hactenus,</span> <span class='ocrx_word' id='word_1_15' title='bbox 1431 372 1508 404; x_wconf 83' lang='lat' dir='ltr'>re-</span> 
     </span>
     <span class='ocr_line' id='line_1_5' title="bbox 124 435 1507 504; baseline -0.002 -16"><span class='ocrx_word' id='word_1_16' title='bbox 124 437 431 500; x_wconf 78' lang='lat' dir='ltr'>dimeretur,</span> <span class='ocrx_word' id='word_1_17' title='bbox 466 449 552 486; x_wconf 86' lang='lat' dir='ltr'>aut</span> <span class='ocrx_word' id='word_1_18' title='bbox 587 435 795 503; x_wconf 84' lang='lat' dir='ltr'>aliquod</span> <span class='ocrx_word' id='word_1_19' title='bbox 834 438 982 487; x_wconf 88' lang='lat' dir='ltr'>vobis</span> <span class='ocrx_word' id='word_1_20' title='bbox 1010 441 1176 504; x_wconf 79' lang='lat' dir='ltr'>majus</span> <span class='ocrx_word' id='word_1_21' title='bbox 1221 436 1507 504; x_wconf 82' lang='lat' dir='ltr'>subsidium</span> 
     </span>
     <span class='ocr_line' id='line_1_6' title="bbox 120 517 1509 593; baseline -0.001 -25"><span class='ocrx_word' id='word_1_22' title='bbox 120 531 380 593; x_wconf 72' lang='lat' dir='ltr'>praestare</span> <span class='ocrx_word' id='word_1_23' title='bbox 411 530 600 587; x_wconf 85' lang='lat' dir='ltr'>posset.</span> <span class='ocrx_word' id='word_1_24' title='bbox 672 520 924 570; x_wconf 84' lang='lat' dir='ltr'>Fecerunt</span> <span class='ocrx_word' id='word_1_25' title='bbox 952 520 1137 570; x_wconf 88' lang='lat' dir='ltr'>Nuncii</span> <span class='ocrx_word' id='word_1_26' title='bbox 1153 523 1307 571; x_wconf 86' lang='lat' dir='ltr'>vestri</span> <span class='ocrx_word' id='word_1_27' title='bbox 1341 517 1406 567; x_wconf 83' lang='lat' dir='ltr'>de</span> <span class='ocrx_word' id='word_1_28' title='bbox 1433 518 1509 567; x_wconf 91' lang='lat' dir='ltr'>lo-</span> 
     </span>
     <span class='ocr_line' id='line_1_7' title="bbox 124 601 1508 653; baseline -0.002 -2"><span class='ocrx_word' id='word_1_29' title='bbox 124 609 323 651; x_wconf 88' lang='lat' dir='ltr'>catione</span> <span class='ocrx_word' id='word_1_30' title='bbox 367 604 509 651; x_wconf 83' lang='lat' dir='ltr'>istius</span> <span class='ocrx_word' id='word_1_31' title='bbox 554 601 803 653; x_wconf 85' lang='lat' dir='ltr'>Gamerae</span> <span class='ocrx_word' id='word_1_32' title='bbox 855 603 1247 653; x_wconf 86' lang='lat' dir='ltr'>Cremniciensis</span> <span class='ocrx_word' id='word_1_33' title='bbox 1295 603 1508 650; x_wconf 88' lang='lat' dir='ltr'>mentio-</span> 
     </span>
     <span class='ocr_line' id='line_1_8' title="bbox 119 682 1505 753; baseline 0.001 -21"><span class='ocrx_word' id='word_1_34' title='bbox 119 700 272 743; x_wconf 82' lang='lat' dir='ltr'>nem,</span> <span class='ocrx_word' id='word_1_35' title='bbox 313 682 377 732; x_wconf 85' lang='lat' dir='ltr'>de</span> <span class='ocrx_word' id='word_1_36' title='bbox 414 700 511 748; x_wconf 84' lang='lat' dir='ltr'>qua</span> <span class='ocrx_word' id='word_1_37' title='bbox 548 700 701 749; x_wconf 90' lang='lat' dir='ltr'>quum</span> <span class='ocrx_word' id='word_1_38' title='bbox 745 702 836 734; x_wconf 89' lang='lat' dir='ltr'>nos</span> <span class='ocrx_word' id='word_1_39' title='bbox 864 687 1087 753; x_wconf 83' lang='lat' dir='ltr'>amplius</span> <span class='ocrx_word' id='word_1_40' title='bbox 1133 695 1505 735; x_wconf 12' lang='lat' dir='ltr'>tractat-etcum</span> 
     </span>
     <span class='ocr_line' id='line_1_9' title="bbox 121 763 1506 833; baseline -0.001 -20"><span class='ocrx_word' id='word_1_41' title='bbox 121 768 193 813; x_wconf 91' lang='lat' dir='ltr'>eis</span> <span class='ocrx_word' id='word_1_42' title='bbox 226 763 505 824; x_wconf 62' lang='lat' dir='ltr'>bellemus,</span> <span class='ocrx_word' id='word_1_43' title='bbox 543 779 790 833; x_wconf 85' lang='lat' dir='ltr'>negarunt</span> <span class='ocrx_word' id='word_1_44' title='bbox 824 767 919 817; x_wconf 91' lang='lat' dir='ltr'>sibi</span> <span class='ocrx_word' id='word_1_45' title='bbox 952 779 1143 819; x_wconf 86' lang='lat' dir='ltr'>tantam</span> <span class='ocrx_word' id='word_1_46' title='bbox 1186 784 1294 817; x_wconf 86' lang='lat' dir='ltr'>esse</span> <span class='ocrx_word' id='word_1_47' title='bbox 1334 775 1506 814; x_wconf 82' lang='lat' dir='ltr'>aucto·</span> 
     </span>
     <span class='ocr_line' id='line_1_10' title="bbox 117 837 1505 919; baseline -0.001 -23"><span class='ocrx_word' id='word_1_48' title='bbox 117 851 319 896; x_wconf 85' lang='lat' dir='ltr'>ritatem</span> <span class='ocrx_word' id='word_1_49' title='bbox 356 864 383 895; x_wconf 89' lang='lat' dir='ltr'>a</span> <span class='ocrx_word' id='word_1_50' title='bbox 420 849 568 897; x_wconf 87' lang='lat' dir='ltr'>vobis</span> <span class='ocrx_word' id='word_1_51' title='bbox 615 847 818 908; x_wconf 82' lang='lat' dir='ltr'>datam,</span> <span class='ocrx_word' id='word_1_52' title='bbox 856 862 908 899; x_wconf 89' lang='lat' dir='ltr'>ut</span> <span class='ocrx_word' id='word_1_53' title='bbox 938 848 1003 899; x_wconf 88' lang='lat' dir='ltr'>de</span> <span class='ocrx_word' id='word_1_54' title='bbox 1040 868 1099 899; x_wconf 87' lang='lat' dir='ltr'>ea</span> <span class='ocrx_word' id='word_1_55' title='bbox 1132 867 1191 919; x_wconf 24' lang='lat' dir='ltr'>rel</span> <span class='ocrx_word' id='word_1_56' title='bbox 1234 837 1505 905; x_wconf 67' lang='lat' dir='ltr'>nobiscum</span> 
     </span>
     <span class='ocr_line' id='line_1_11' title="bbox 119 919 1504 999; baseline -0.001 -23"><span class='ocrx_word' id='word_1_57' title='bbox 119 919 429 977; x_wconf 77' lang='lat' dir='ltr'>concludere</span> <span class='ocrx_word' id='word_1_58' title='bbox 450 970 467 993; x_wconf 81' lang='lat'>‚</span> <span class='ocrx_word' id='word_1_59' title='bbox 504 941 589 978; x_wconf 87' lang='lat' dir='ltr'>aut</span> <span class='ocrx_word' id='word_1_60' title='bbox 619 934 898 998; x_wconf 82' lang='lat' dir='ltr'>transigere</span> <span class='ocrx_word' id='word_1_61' title='bbox 929 942 1154 999; x_wconf 82' lang='lat' dir='ltr'>possent.</span> <span class='ocrx_word' id='word_1_62' title='bbox 1194 931 1504 979; x_wconf 68' lang='lat' dir='ltr'>Remis-imus</span> 
     </span>
     <span class='ocr_line' id='line_1_12' title="bbox 68 1012 1502 1074; baseline -0.001 -16"><span class='ocrx_word' id='word_1_63' title='bbox 68 1042 71 1047; x_wconf 91' lang='lat'><em>·</em></span> <span class='ocrx_word' id='word_1_64' title='bbox 117 1014 286 1074; x_wconf 83' lang='lat' dir='ltr'>itaque</span> <span class='ocrx_word' id='word_1_65' title='bbox 318 1027 438 1069; x_wconf 81' lang='lat' dir='ltr'>eos,</span> <span class='ocrx_word' id='word_1_66' title='bbox 477 1024 530 1060; x_wconf 88' lang='lat' dir='ltr'>ut</span> <span class='ocrx_word' id='word_1_67' title='bbox 566 1015 616 1061; x_wconf 90' lang='lat' dir='ltr'>in</span> <span class='ocrx_word' id='word_1_68' title='bbox 650 1019 828 1062; x_wconf 86' lang='lat' dir='ltr'>vestris</span> <span class='ocrx_word' id='word_1_69' title='bbox 869 1013 1109 1062; x_wconf 84' lang='lat' dir='ltr'>Consiliis</span> <span class='ocrx_word' id='word_1_70' title='bbox 1146 1012 1351 1064; x_wconf 84' lang='lat' dir='ltr'>secretis</span> <span class='ocrx_word' id='word_1_71' title='bbox 1392 1020 1502 1058; x_wconf 88' lang='lat' dir='ltr'>tum</span> 
     </span>
     <span class='ocr_line' id='line_1_13' title="bbox 118 1089 1502 1159; baseline 0.001 -21"><span class='ocrx_word' id='word_1_72' title='bbox 118 1089 185 1139; x_wconf 89' lang='lat' dir='ltr'>de</span> <span class='ocrx_word' id='word_1_73' title='bbox 221 1095 377 1159; x_wconf 89' lang='lat' dir='ltr'>ipsius</span> <span class='ocrx_word' id='word_1_74' title='bbox 405 1092 647 1143; x_wconf 74' lang='lat' dir='ltr'>Catherae</span> <span class='ocrx_word' id='word_1_75' title='bbox 679 1094 1069 1145; x_wconf 85' lang='lat' dir='ltr'>Cremniciensis</span> <span class='ocrx_word' id='word_1_76' title='bbox 1098 1094 1374 1146; x_wconf 67' lang='lat' dir='ltr'>locatione,</span> <span class='ocrx_word' id='word_1_77' title='bbox 1392 1102 1502 1140; x_wconf 89' lang='lat' dir='ltr'>tum</span> 
     </span>
     <span class='ocr_line' id='line_1_14' title="bbox 115 1172 1502 1241; baseline 0.001 -20"><span class='ocrx_word' id='word_1_78' title='bbox 115 1172 182 1222; x_wconf 86' lang='lat' dir='ltr'>de</span> <span class='ocrx_word' id='word_1_79' title='bbox 211 1175 321 1224; x_wconf 85' lang='lat' dir='ltr'>aliis</span> <span class='ocrx_word' id='word_1_80' title='bbox 353 1174 536 1234; x_wconf 76' lang='lat' dir='ltr'>rebuS‚</span> <span class='ocrx_word' id='word_1_81' title='bbox 574 1193 703 1241; x_wconf 88' lang='lat' dir='ltr'>quae</span> <span class='ocrx_word' id='word_1_82' title='bbox 750 1177 817 1226; x_wconf 89' lang='lat' dir='ltr'>ad</span> <span class='ocrx_word' id='word_1_83' title='bbox 866 1180 1312 1227; x_wconf 84' lang='lat' dir='ltr'>conservationem</span> <span class='ocrx_word' id='word_1_84' title='bbox 1350 1174 1502 1223; x_wconf 90' lang='lat' dir='ltr'>Mon-</span> 
     </span>
     <span class='ocr_line' id='line_1_15' title="bbox 114 1257 1501 1324; baseline 0.001 -20"><span class='ocrx_word' id='word_1_85' title='bbox 114 1266 345 1306; x_wconf 86' lang='lat' dir='ltr'>tanarum</span> <span class='ocrx_word' id='word_1_86' title='bbox 376 1261 632 1324; x_wconf 88' lang='lat' dir='ltr'>pertinere</span> <span class='ocrx_word' id='word_1_87' title='bbox 662 1262 959 1310; x_wconf 82' lang='lat' dir='ltr'>existimatis</span> <span class='ocrx_word' id='word_1_88' title='bbox 978 1301 996 1323; x_wconf 85' lang='lat'>‚</span> <span class='ocrx_word' id='word_1_89' title='bbox 1033 1263 1275 1309; x_wconf 87' lang='lat' dir='ltr'>maturius</span> <span class='ocrx_word' id='word_1_90' title='bbox 1307 1257 1501 1307; x_wconf 72' lang='lat' dir='ltr'>delibe-</span> 
     </span>
     <span class='ocr_line' id='line_1_16' title="bbox 114 1339 1500 1407; baseline 0.001 -23"><span class='ocrx_word' id='word_1_91' title='bbox 114 1339 267 1394; x_wconf 84' lang='lat' dir='ltr'>retis,</span> <span class='ocrx_word' id='word_1_92' title='bbox 304 1349 355 1386; x_wconf 87' lang='lat' dir='ltr'>et</span> <span class='ocrx_word' id='word_1_93' title='bbox 397 1354 489 1386; x_wconf 93' lang='lat' dir='ltr'>nos</span> <span class='ocrx_word' id='word_1_94' title='bbox 525 1355 619 1407; x_wconf 89' lang='lat' dir='ltr'>per</span> <span class='ocrx_word' id='word_1_95' title='bbox 659 1344 872 1390; x_wconf 87' lang='lat' dir='ltr'>nuncios</span> <span class='ocrx_word' id='word_1_96' title='bbox 923 1351 1147 1399; x_wconf 85' lang='lat' dir='ltr'>vestros,</span> <span class='ocrx_word' id='word_1_97' title='bbox 1198 1342 1500 1388; x_wconf 75' lang='lat' dir='ltr'>auctoritato</span> 
     </span>
     <span class='ocr_line' id='line_1_17' title="bbox 113 1421 1497 1488; baseline -0.001 -21"><span class='ocrx_word' id='word_1_98' title='bbox 113 1429 318 1481; x_wconf 80' lang='lat' dir='ltr'>vestra,</span> <span class='ocrx_word' id='word_1_99' title='bbox 355 1431 403 1468; x_wconf 84' lang='lat' dir='ltr'>et</span> <span class='ocrx_word' id='word_1_100' title='bbox 452 1422 610 1488; x_wconf 85' lang='lat' dir='ltr'>pleno</span> <span class='ocrx_word' id='word_1_101' title='bbox 660 1421 913 1471; x_wconf 83' lang='lat' dir='ltr'>Mandato</span> <span class='ocrx_word' id='word_1_102' title='bbox 972 1423 1279 1481; x_wconf 76' lang='lat' dir='ltr'>instructos,</span> <span class='ocrx_word' id='word_1_103' title='bbox 1327 1423 1497 1488; x_wconf 88' lang='lat' dir='ltr'>primo</span> 
     </span>
     <span class='ocr_line' id='line_1_18' title="bbox 111 1502 1497 1569; baseline 0.001 -23"><span class='ocrx_word' id='word_1_104' title='bbox 111 1514 312 1566; x_wconf 87' lang='lat' dir='ltr'>quoque</span> <span class='ocrx_word' id='word_1_105' title='bbox 339 1507 574 1569; x_wconf 62' lang='lat' dir='ltr'>tem‘po‘re</span> <span class='ocrx_word' id='word_1_106' title='bbox 600 1502 794 1552; x_wconf 82' lang='lat' dir='ltr'>faciatis</span> <span class='ocrx_word' id='word_1_107' title='bbox 829 1506 1086 1552; x_wconf 81' lang='lat' dir='ltr'>certiores.</span> <span class='ocrx_word' id='word_1_108' title='bbox 1123 1503 1331 1551; x_wconf 85' lang='lat' dir='ltr'>Interim</span> <span class='ocrx_word' id='word_1_109' title='bbox 1354 1516 1497 1566; x_wconf 69' lang='lat' dir='ltr'>man-</span> 
     </span>
     <span class='ocr_line' id='line_1_19' title="bbox 112 1578 1495 1633; baseline 0.001 -6"><span class='ocrx_word' id='word_1_110' title='bbox 112 1578 348 1631; x_wconf 87' lang='lat' dir='ltr'>davimus</span> <span class='ocrx_word' id='word_1_111' title='bbox 392 1581 693 1633; x_wconf 81' lang='lat' dir='ltr'>camerariis</span> <span class='ocrx_word' id='word_1_112' title='bbox 742 1583 908 1633; x_wconf 86' lang='lat' dir='ltr'>dictae</span> <span class='ocrx_word' id='word_1_113' title='bbox 955 1583 1206 1633; x_wconf 81' lang='lat' dir='ltr'>Gamerae</span> <span class='ocrx_word' id='word_1_114' title='bbox 1260 1579 1495 1632; x_wconf 84' lang='lat' dir='ltr'>Cremni-</span> 
     </span>
     <span class='ocr_line' id='line_1_20' title="bbox 28 1661 1496 1732; baseline 0.001 -21"><span class='ocrx_word' id='word_1_115' title='bbox 28 1687 35 1697; x_wconf 88' lang='lat'>=</span> <span class='ocrx_word' id='word_1_116' title='bbox 113 1664 327 1722; x_wconf 66' lang='lat' dir='ltr'>cicensis,</span> <span class='ocrx_word' id='word_1_117' title='bbox 364 1675 418 1712; x_wconf 85' lang='lat' dir='ltr'>ut</span> <span class='ocrx_word' id='word_1_118' title='bbox 451 1676 678 1732; x_wconf 88' lang='lat' dir='ltr'>sumptus</span> <span class='ocrx_word' id='word_1_119' title='bbox 710 1677 980 1716; x_wconf 77' lang='lat' dir='ltr'>consuetos</span> <span class='ocrx_word' id='word_1_120' title='bbox 1011 1664 1078 1715; x_wconf 88' lang='lat' dir='ltr'>ad</span> <span class='ocrx_word' id='word_1_121' title='bbox 1105 1666 1336 1727; x_wconf 74' lang='lat' dir='ltr'>artificia,</span> <span class='ocrx_word' id='word_1_122' title='bbox 1388 1661 1496 1712; x_wconf 86' lang='lat' dir='ltr'>cul·</span> 
     </span>
     <span class='ocr_line' id='line_1_21' title="bbox 110 1746 1495 1819; baseline 0 -26"><span class='ocrx_word' id='word_1_123' title='bbox 110 1755 278 1805; x_wconf 79' lang='lat' dir='ltr'>taras,</span> <span class='ocrx_word' id='word_1_124' title='bbox 316 1758 371 1819; x_wconf 53' lang='lat' dir='ltr'>eg</span> <span class='ocrx_word' id='word_1_125' title='bbox 401 1746 606 1797; x_wconf 84' lang='lat' dir='ltr'>Stolnas</span> <span class='ocrx_word' id='word_1_126' title='bbox 633 1748 1041 1801; x_wconf 85' lang='lat' dir='ltr'>Cremnicienses</span> <span class='ocrx_word' id='word_1_127' title='bbox 1061 1791 1075 1812; x_wconf 83' lang='lat'>‚</span> <span class='ocrx_word' id='word_1_128' title='bbox 1112 1746 1495 1797; x_wconf 87' lang='lat' dir='ltr'>Schemnicien·</span> 
     </span>
     <span class='ocr_line' id='line_1_22' title="bbox 108 1825 1489 1886; baseline -0.001 -9"><span class='ocrx_word' id='word_1_129' title='bbox 108 1841 215 1886; x_wconf 82' lang='lat' dir='ltr'>ses,</span> <span class='ocrx_word' id='word_1_130' title='bbox 251 1837 302 1877; x_wconf 86' lang='lat' dir='ltr'>et</span> <span class='ocrx_word' id='word_1_131' title='bbox 337 1826 551 1876; x_wconf 88' lang='lat' dir='ltr'>aliarum</span> <span class='ocrx_word' id='word_1_132' title='bbox 599 1826 874 1879; x_wconf 85' lang='lat' dir='ltr'>Civitatum</span> <span class='ocrx_word' id='word_1_133' title='bbox 922 1829 1287 1879; x_wconf 82' lang='lat' dir='ltr'>Montanarum</span> <span class='ocrx_word' id='word_1_134' title='bbox 1343 1825 1489 1876; x_wconf 87' lang='lat' dir='ltr'>nullo</span> 
     </span>
     <span class='ocr_line' id='line_1_23' title="bbox 108 1905 1488 1962; baseline -0.001 -6"><span class='ocrx_word' id='word_1_135' title='bbox 108 1906 267 1962; x_wconf 84' lang='lat' dir='ltr'>modo</span> <span class='ocrx_word' id='word_1_136' title='bbox 322 1912 671 1960; x_wconf 82' lang='lat' dir='ltr'>intermittant.</span> <span class='ocrx_word' id='word_1_137' title='bbox 752 1910 942 1959; x_wconf 88' lang='lat' dir='ltr'>Datum</span> <span class='ocrx_word' id='word_1_138' title='bbox 993 1910 1225 1959; x_wconf 83' lang='lat' dir='ltr'>Viennae</span> <span class='ocrx_word' id='word_1_139' title='bbox 1286 1912 1336 1957; x_wconf 90' lang='lat' dir='ltr'>in</span> <span class='ocrx_word' id='word_1_140' title='bbox 1402 1905 1488 1955; x_wconf 78' lang='lat' dir='ltr'>die</span> 
     </span>
     <span class='ocr_line' id='line_1_24' title="bbox 106 1989 1487 2059; baseline 0.001 -20"><span class='ocrx_word' id='word_1_141' title='bbox 106 1990 295 2039; x_wconf 85' lang='lat' dir='ltr'>Beatae</span> <span class='ocrx_word' id='word_1_142' title='bbox 351 1989 663 2042; x_wconf 83' lang='lat' dir='ltr'>Benedictae</span> <span class='ocrx_word' id='word_1_143' title='bbox 729 1991 983 2059; x_wconf 72' lang='lat' dir='ltr'>VirginiS,</span> <span class='ocrx_word' id='word_1_144' title='bbox 1051 1992 1205 2043; x_wconf 86' lang='lat' dir='ltr'>Anno</span> <span class='ocrx_word' id='word_1_145' title='bbox 1275 1990 1487 2042; x_wconf 76' lang='lat' dir='ltr'>Domini</span> 
     </span>
     <span class='ocr_line' id='line_1_25' title="bbox 105 2071 1520 2124; baseline -0.006 0"><span class='ocrx_word' id='word_1_146' title='bbox 105 2071 487 2124; x_wconf 81' lang='lat' dir='ltr'><strong>MDXXXIIII.</strong></span> <span class='ocrx_word' id='word_1_147' title='bbox 1515 2071 1520 2077; x_wconf 87' lang='grc'><em>“</em></span> 
     </span>
    </p>
   </div>
   <div class='ocr_carea' id='block_1_4' title="bbox 698 2241 871 2296">
    <p class='ocr_par' dir='ltr' id='par_1_4' title="bbox 698 2241 871 2296">
     <span class='ocr_line' id='line_1_26' title="bbox 698 2241 871 2296; baseline 0.023 -5"><span class='ocrx_word' id='word_1_148' title='bbox 698 2241 871 2296; x_wconf 87' lang='lat' dir='ltr'>XXV.</span> 
     </span>
    </p>
   </div>
   <div class='ocr_carea' id='block_1_5' title="bbox 104 2373 1480 2496">
    <p class='ocr_par' dir='ltr' id='par_1_5' title="bbox 104 2373 1480 2496">
     <span class='ocr_line' id='line_1_27' title="bbox 104 2373 1480 2430; baseline -0.004 -11"><span class='ocrx_word' id='word_1_149' title='bbox 104 2385 228 2430; x_wconf 75' lang='lat'><em>1551.</em></span> <span class='ocrx_word' id='word_1_150' title='bbox 286 2373 559 2415; x_wconf 71' lang='lat' dir='ltr'>manda-‚um</span> <span class='ocrx_word' id='word_1_151' title='bbox 589 2373 724 2426; x_wconf 78' lang='lat' dir='ltr'>Regis</span> <span class='ocrx_word' id='word_1_152' title='bbox 754 2374 956 2424; x_wconf 85' lang='lat' dir='ltr'>ejusdem</span> <span class='ocrx_word' id='word_1_153' title='bbox 992 2373 1049 2414; x_wconf 80' lang='lat' dir='ltr'>ad</span> <span class='ocrx_word' id='word_1_154' title='bbox 1067 2381 1239 2429; x_wconf 75' lang='lat' dir='ltr'>septem</span> <span class='ocrx_word' id='word_1_155' title='bbox 1267 2374 1480 2420; x_wconf 62' lang='lat' dir='ltr'>civitaten</span> 
     </span>
     <span class='ocr_line' id='line_1_28' title="bbox 212 2442 1478 2496; baseline 0.002 -11"><span class='ocrx_word' id='word_1_156' title='bbox 212 2442 458 2485; x_wconf 79' lang='lat' dir='ltr'>Montanas</span> <span class='ocrx_word' id='word_1_157' title='bbox 489 2442 545 2481; x_wconf 86' lang='lat' dir='ltr'>de</span> <span class='ocrx_word' id='word_1_158' title='bbox 572 2442 850 2496; x_wconf 75' lang='lat' dir='ltr'>acceptanda</span> <span class='ocrx_word' id='word_1_159' title='bbox 892 2446 1037 2484; x_wconf 81' lang='lat' dir='ltr'>veteri</span> <span class='ocrx_word' id='word_1_160' title='bbox 1077 2455 1222 2495; x_wconf 76' lang='lat' dir='ltr'>aeque</span> <span class='ocrx_word' id='word_1_161' title='bbox 1263 2455 1315 2483; x_wconf 81' lang='lat' dir='ltr'>ac</span> <span class='ocrx_word' id='word_1_162' title='bbox 1354 2453 1478 2487; x_wconf 65' lang='lat' dir='ltr'>nova</span> 
     </span>
    </p>
   </div>
   <div class='ocr_carea' id='block_1_6' title="bbox 211 2513 692 2566">
    <p class='ocr_par' dir='ltr' id='par_1_6' title="bbox 211 2513 692 2566">
     <span class='ocr_line' id='line_1_29' title="bbox 211 2513 692 2566; baseline -0.01 -11"><span class='ocrx_word' id='word_1_163' title='bbox 211 2520 392 2557; x_wconf 82' lang='lat' dir='ltr'>moneta</span> <span class='ocrx_word' id='word_1_164' title='bbox 422 2513 692 2566; x_wconf 79' lang='lat' dir='ltr'>Hungarica.</span> 
     </span>
    </p>
   </div>
   <div class='ocr_carea' id='block_1_7' title="bbox 97 2626 1481 2780">
    <p class='ocr_par' dir='ltr' id='par_1_7' title="bbox 97 2626 1481 2780">
     <span class='ocr_line' id='line_1_30' title="bbox 233 2626 1481 2683; baseline -0.004 -2"><span class='ocrx_word' id='word_1_165' title='bbox 233 2632 624 2682; x_wconf 66' lang='lat' dir='ltr'>annmmnvs</span> <span class='ocrx_word' id='word_1_166' title='bbox 661 2629 835 2683; x_wconf 84' lang='lat' dir='ltr'>divina</span> <span class='ocrx_word' id='word_1_167' title='bbox 865 2629 1070 2681; x_wconf 82' lang='lat' dir='ltr'>favente</span> <span class='ocrx_word' id='word_1_168' title='bbox 1084 2629 1354 2678; x_wconf 85' lang='lat' dir='ltr'>clementia</span> <span class='ocrx_word' id='word_1_169' title='bbox 1377 2626 1481 2677; x_wconf 70' lang='lat' dir='ltr'>Ro-</span> 
     </span>
     <span class='ocr_line' id='line_1_31' title="bbox 97 2708 1478 2780; baseline -0.003 -15"><span class='ocrx_word' id='word_1_170' title='bbox 97 2729 406 2774; x_wconf 80' lang='lat' dir='ltr'>manorum,</span> <span class='ocrx_word' id='word_1_171' title='bbox 470 2713 760 2780; x_wconf 82' lang='lat' dir='ltr'>Hungariae</span> <span class='ocrx_word' id='word_1_172' title='bbox 781 2748 798 2774; x_wconf 91' lang='lat'><strong>‚</strong></span> <span class='ocrx_word' id='word_1_173' title='bbox 861 2710 1141 2764; x_wconf 79' lang='lat' dir='ltr'>Bohemiae</span> <span class='ocrx_word' id='word_1_174' title='bbox 1199 2720 1295 2763; x_wconf 79' lang='lat' dir='ltr'>cet.</span> <span class='ocrx_word' id='word_1_175' title='bbox 1362 2708 1478 2763; x_wconf 71' lang='lat' dir='ltr'>Rex</span> 
     </span>
    </p>
   </div>
  </div>
 </body>
</html>
