<?xml version="1.0" encoding="UTF-8"?>
<!DOCTYPE html PUBLIC "-//W3C//DTD XHTML 1.0 Transitional//EN"
    "http://www.w3.org/TR/xhtml1/DTD/xhtml1-transitional.dtd">
<html xmlns="http://www.w3.org/1999/xhtml" xml:lang="en" lang="en">
 <head>
  <title>
</title>
<meta http-equiv="Content-Type" content="text/html;charset=utf-8" />
  <meta name='ocr-system' content='tesseract 3.04.00' />
  <meta name='ocr-capabilities' content='ocr_page ocr_carea ocr_par ocr_line ocrx_word'/>
</head>
<body>
  <div class='ocr_page' id='page_1' title='image "./catalogusnumorum03budauoft_0399.png"; bbox 0 0 1690 3016; ppageno 0'>
   <div class='ocr_carea' id='block_1_1' title="bbox 0 210 1466 2833">
    <p class='ocr_par' dir='ltr' id='par_1_1' title="bbox 69 210 1466 2259">
     <span class='ocr_line' id='line_1_1' title="bbox 582 210 1458 274; baseline -0.005 -26"><span class='ocrx_word' id='word_1_1' title='bbox 582 210 957 274; x_wconf 48' lang='grc' dir='ltr'>«ΝΟΜ</span> <span class='ocrx_word' id='word_1_2' title='bbox 1083 243 1085 245; x_wconf 88' lang='grc'>.</span> <span class='ocrx_word' id='word_1_3' title='bbox 1359 211 1458 266; x_wconf 78' lang='lat'>395</span> 
     </span>
     <span class='ocr_line' id='line_1_2' title="bbox 89 308 1464 378; baseline 0.001 -20"><span class='ocrx_word' id='word_1_4' title='bbox 89 308 310 374; x_wconf 77' lang='lat' dir='ltr'>qualiter</span> <span class='ocrx_word' id='word_1_5' title='bbox 340 309 776 360; x_wconf 83' lang='lat' dir='ltr'>cum—Urburariis</span> <span class='ocrx_word' id='word_1_6' title='bbox 803 321 1123 360; x_wconf 84' lang='lat' dir='ltr'>contractum</span> <span class='ocrx_word' id='word_1_7' title='bbox 1157 324 1262 360; x_wconf 86' lang='lat' dir='ltr'>tam</span> <span class='ocrx_word' id='word_1_8' title='bbox 1293 327 1464 378; x_wconf 87' lang='lat' dir='ltr'>respe-</span> 
     </span>
     <span class='ocr_line' id='line_1_3' title="bbox 88 384 1464 458; baseline -0.003 -18"><span class='ocrx_word' id='word_1_9' title='bbox 88 398 175 440; x_wconf 89' lang='lat' dir='ltr'>ctu</span> <span class='ocrx_word' id='word_1_10' title='bbox 210 388 521 451; x_wconf 86' lang='lat' dir='ltr'>fundorum,</span> <span class='ocrx_word' id='word_1_11' title='bbox 557 407 711 456; x_wconf 90' lang='lat' dir='ltr'>quam</span> <span class='ocrx_word' id='word_1_12' title='bbox 741 402 790 440; x_wconf 91' lang='lat' dir='ltr'>et</span> <span class='ocrx_word' id='word_1_13' title='bbox 824 392 1084 458; x_wconf 89' lang='lat' dir='ltr'>lignorum</span> <span class='ocrx_word' id='word_1_14' title='bbox 1126 394 1253 440; x_wconf 85' lang='lat' dir='ltr'>inire</span> <span class='ocrx_word' id='word_1_15' title='bbox 1294 384 1464 438; x_wconf 82' lang='lat' dir='ltr'>velit?</span> 
     </span>
     <span class='ocr_line' id='line_1_4' title="bbox 87 469 1463 537; baseline 0 -18"><span class='ocrx_word' id='word_1_16' title='bbox 87 469 377 537; x_wconf 80' lang='lat' dir='ltr'>cujusm&#39;odi</span> <span class='ocrx_word' id='word_1_17' title='bbox 427 471 683 527; x_wconf 87' lang='lat' dir='ltr'>ineundae</span> <span class='ocrx_word' id='word_1_18' title='bbox 731 474 1102 522; x_wconf 82' lang='lat' dir='ltr'>conventiones</span> <span class='ocrx_word' id='word_1_19' title='bbox 1155 470 1331 531; x_wconf 84' lang='lat' dir='ltr'>libris,</span> <span class='ocrx_word' id='word_1_20' title='bbox 1374 485 1463 520; x_wconf 88' lang='lat' dir='ltr'>seu</span> 
     </span>
     <span class='ocr_line' id='line_1_5' title="bbox 84 549 1466 623; baseline -0.002 -21"><span class='ocrx_word' id='word_1_21' title='bbox 84 551 395 617; x_wconf 81' lang='lat' dir='ltr'>Protocollis</span> <span class='ocrx_word' id='word_1_22' title='bbox 450 555 827 617; x_wconf 85' lang='lat' dir='ltr'>Montanisticis</span> <span class='ocrx_word' id='word_1_23' title='bbox 879 571 1084 623; x_wconf 84' lang='lat' dir='ltr'>semper</span> <span class='ocrx_word' id='word_1_24' title='bbox 1131 549 1466 611; x_wconf 79' lang='lat' dir='ltr'><strong>inserendae,</strong></span> 
     </span>
     <span class='ocr_line' id='line_1_6' title="bbox 82 634 1465 702; baseline -0.003 -16"><span class='ocrx_word' id='word_1_25' title='bbox 82 638 284 702; x_wconf 80' lang='lat' dir='ltr'>fineque</span> <span class='ocrx_word' id='word_1_26' title='bbox 318 637 418 687; x_wconf 91' lang='lat' dir='ltr'>hoc</span> <span class='ocrx_word' id='word_1_27' title='bbox 447 639 870 695; x_wconf 77' lang='lat' dir='ltr'><strong>concernentibus</strong></span> <span class='ocrx_word' id='word_1_28' title='bbox 900 636 1094 689; x_wconf 83' lang='lat' dir='ltr'>Officiis</span> <span class='ocrx_word' id='word_1_29' title='bbox 1119 638 1378 686; x_wconf 89' lang='lat' dir='ltr'>Montanis</span> <span class='ocrx_word' id='word_1_30' title='bbox 1403 634 1465 683; x_wconf 91' lang='lat' dir='ltr'>il·</span> 
     </span>
     <span class='ocr_line' id='line_1_7' title="bbox 83 718 1463 800; baseline -0.001 -32"><span class='ocrx_word' id='word_1_31' title='bbox 83 719 186 792; x_wconf 77' lang='lat' dir='ltr'>lico</span> <span class='ocrx_word' id='word_1_32' title='bbox 219 720 660 787; x_wconf 77' lang='lat' dir='ltr'>praesentandae,</span> <span class='ocrx_word' id='word_1_33' title='bbox 697 739 840 771; x_wconf 89' lang='lat' dir='ltr'>secus</span> <span class='ocrx_word' id='word_1_34' title='bbox 870 739 998 771; x_wconf 88' lang='lat' dir='ltr'>vero</span> <span class='ocrx_word' id='word_1_35' title='bbox 1023 737 1119 789; x_wconf 91' lang='lat' dir='ltr'>pro</span> <span class='ocrx_word' id='word_1_36' title='bbox 1158 718 1463 800; x_wconf 44' lang='lat' dir='ltr'>inviffflrosis</span> 
     </span>
     <span class='ocr_line' id='line_1_8' title="bbox 82 798 1464 868; baseline -0.001 -18"><span class='ocrx_word' id='word_1_37' title='bbox 82 798 356 851; x_wconf 81' lang='lat' dir='ltr'>habendae</span> <span class='ocrx_word' id='word_1_38' title='bbox 404 815 582 863; x_wconf 88' lang='lat' dir='ltr'>erunt,</span> <span class='ocrx_word' id='word_1_39' title='bbox 635 819 803 868; x_wconf 87' lang='lat' dir='ltr'>neque</span> <span class='ocrx_word' id='word_1_40' title='bbox 854 806 1037 853; x_wconf 88' lang='lat' dir='ltr'>intuitu</span> <span class='ocrx_word' id='word_1_41' title='bbox 1078 801 1281 851; x_wconf 85' lang='lat' dir='ltr'>illarum</span> <span class='ocrx_word' id='word_1_42' title='bbox 1322 815 1464 848; x_wconf 86' lang='lat' dir='ltr'>secus</span> 
     </span>
     <span class='ocr_line' id='line_1_9' title="bbox 80 882 1463 952; baseline -0.002 -19"><span class='ocrx_word' id='word_1_43' title='bbox 80 901 177 952; x_wconf 90' lang='lat' dir='ltr'>per</span> <span class='ocrx_word' id='word_1_44' title='bbox 208 882 410 935; x_wconf 85' lang='lat' dir='ltr'>Judicia</span> <span class='ocrx_word' id='word_1_45' title='bbox 439 885 810 936; x_wconf 86' lang='lat' dir='ltr'>Montanistica</span> <span class='ocrx_word' id='word_1_46' title='bbox 840 885 946 934; x_wconf 87' lang='lat' dir='ltr'>ulla</span> <span class='ocrx_word' id='word_1_47' title='bbox 991 885 1273 934; x_wconf 86' lang='lat' dir='ltr'>assistentia</span> <span class='ocrx_word' id='word_1_48' title='bbox 1318 898 1463 947; x_wconf 89' lang='lat' dir='ltr'>prae-</span> 
     </span>
     <span class='ocr_line' id='line_1_10' title="bbox 82 959 1461 1017; baseline -0.003 -2"><span class='ocrx_word' id='word_1_49' title='bbox 82 966 310 1015; x_wconf 88' lang='lat' dir='ltr'>bebitur.·</span> <span class='ocrx_word' id='word_1_50' title='bbox 381 967 434 1016; x_wconf 89' lang='lat' dir='ltr'>Si</span> <span class='ocrx_word' id='word_1_51' title='bbox 470 965 802 1017; x_wconf 85' lang='lat' dir='ltr'>nihilominus</span> <span class='ocrx_word' id='word_1_52' title='bbox 840 971 891 1016; x_wconf 93' lang='lat' dir='ltr'>in</span> <span class='ocrx_word' id='word_1_53' title='bbox 910 959 1112 1016; x_wconf 86' lang='lat' dir='ltr'>terreno</span> <span class='ocrx_word' id='word_1_54' title='bbox 1141 963 1229 1013; x_wconf 84' lang='lat' dir='ltr'>tali</span> <span class='ocrx_word' id='word_1_55' title='bbox 1258 962 1461 1017; x_wconf 89' lang='lat' dir='ltr'>fodinas</span> 
     </span>
     <span class='ocr_line' id='line_1_11' title="bbox 82 1034 1461 1111; baseline -0.002 -16"><span class='ocrx_word' id='word_1_56' title='bbox 82 1047 255 1096; x_wconf 87' lang='lat' dir='ltr'>colere</span> <span class='ocrx_word' id='word_1_57' title='bbox 312 1034 512 1098; x_wconf 65' lang='lat' dir='ltr'>Publici</span> <span class='ocrx_word' id='word_1_58' title='bbox 559 1048 795 1098; x_wconf 88' lang='lat' dir='ltr'>absolute</span> <span class='ocrx_word' id='word_1_59' title='bbox 834 1052 1076 1098; x_wconf 86' lang='lat' dir='ltr'>interesse</span> <span class='ocrx_word' id='word_1_60' title='bbox 1120 1043 1461 1111; x_wconf 73' lang='lat' dir='ltr'>judicaretur,</span> 
     </span>
     <span class='ocr_line' id='line_1_12' title="bbox 81 1128 1461 1197; baseline -0.001 -20"><span class='ocrx_word' id='word_1_61' title='bbox 81 1128 338 1179; x_wconf 87' lang='lat' dir='ltr'>Dominus</span> <span class='ocrx_word' id='word_1_62' title='bbox 371 1142 539 1190; x_wconf 78' lang='lat' dir='ltr'>autem</span> <span class='ocrx_word' id='word_1_63' title='bbox 571 1134 821 1180; x_wconf 86' lang='lat' dir='ltr'>terrestris</span> <span class='ocrx_word' id='word_1_64' title='bbox 858 1130 1003 1179; x_wconf 90' lang='lat' dir='ltr'>nulla</span> <span class='ocrx_word' id='word_1_65' title='bbox 1029 1144 1236 1197; x_wconf 92' lang='lat' dir='ltr'>prorsus</span> <span class='ocrx_word' id='word_1_66' title='bbox 1267 1130 1461 1176; x_wconf 83' lang='lat' dir='ltr'>ratione</span> 
     </span>
     <span class='ocr_line' id='line_1_13' title="bbox 81 1209 1459 1277; baseline -0.001 -19"><span class='ocrx_word' id='word_1_67' title='bbox 81 1221 399 1260; x_wconf 88' lang='lat' dir='ltr'>contractum</span> <span class='ocrx_word' id='word_1_68' title='bbox 427 1216 554 1261; x_wconf 86' lang='lat' dir='ltr'>inire</span> <span class='ocrx_word' id='word_1_69' title='bbox 583 1213 765 1271; x_wconf 81' lang='lat' dir='ltr'>vellet,</span> <span class='ocrx_word' id='word_1_70' title='bbox 779 1211 915 1277; x_wconf 75' lang='lat' dir='ltr'>facta</span> <span class='ocrx_word' id='word_1_71' title='bbox 939 1209 1132 1260; x_wconf 87' lang='lat' dir='ltr'>idcirco</span> <span class='ocrx_word' id='word_1_72' title='bbox 1162 1227 1257 1277; x_wconf 88' lang='lat' dir='ltr'>per</span> <span class='ocrx_word' id='word_1_73' title='bbox 1278 1210 1459 1257; x_wconf 89' lang='lat' dir='ltr'>utrius-</span> 
     </span>
     <span class='ocr_line' id='line_1_14' title="bbox 77 1284 1459 1361; baseline -0.001 -22"><span class='ocrx_word' id='word_1_74' title='bbox 77 1307 179 1361; x_wconf 86' lang='lat' dir='ltr'>que</span> <span class='ocrx_word' id='word_1_75' title='bbox 213 1290 407 1341; x_wconf 79' lang='lat' dir='ltr'>ordinis</span> <span class='ocrx_word' id='word_1_76' title='bbox 438 1291 857 1344; x_wconf 86' lang='lat' dir='ltr'>Jurisdictionem</span> <span class='ocrx_word' id='word_1_77' title='bbox 886 1284 953 1361; x_wconf 83' lang='lat' dir='ltr'>ad</span> <span class='ocrx_word' id='word_1_78' title='bbox 985 1308 1128 1342; x_wconf 90' lang='lat' dir='ltr'>suam</span> <span class='ocrx_word' id='word_1_79' title='bbox 1163 1300 1459 1357; x_wconf 89' lang='lat' dir='ltr'>competen-</span> 
     </span>
     <span class='ocr_line' id='line_1_15' title="bbox 77 1373 1455 1442; baseline -0.002 -21"><span class='ocrx_word' id='word_1_80' title='bbox 77 1375 203 1422; x_wconf 86' lang='lat' dir='ltr'>tiam</span> <span class='ocrx_word' id='word_1_81' title='bbox 238 1373 523 1438; x_wconf 80' lang='lat' dir='ltr'>relatione,</span> <span class='ocrx_word' id='word_1_82' title='bbox 561 1373 755 1441; x_wconf 88' lang='lat' dir='ltr'>hacque</span> <span class='ocrx_word' id='word_1_83' title='bbox 785 1373 852 1423; x_wconf 89' lang='lat' dir='ltr'>ad</span> <span class='ocrx_word' id='word_1_84' title='bbox 870 1377 1156 1442; x_wconf 83' lang='lat' dir='ltr'>respectiva</span> <span class='ocrx_word' id='word_1_85' title='bbox 1173 1373 1455 1421; x_wconf 83' lang='lat' dir='ltr'>Dicasteria</span> 
     </span>
     <span class='ocr_line' id='line_1_16' title="bbox 77 1454 1452 1525; baseline -0.001 -22"><span class='ocrx_word' id='word_1_86' title='bbox 77 1454 263 1504; x_wconf 82' lang='lat' dir='ltr'>Aulica</span> <span class='ocrx_word' id='word_1_87' title='bbox 308 1472 397 1505; x_wconf 85' lang='lat' dir='ltr'>sua</span> <span class='ocrx_word' id='word_1_88' title='bbox 444 1460 528 1506; x_wconf 88' lang='lat' dir='ltr'>via</span> <span class='ocrx_word' id='word_1_89' title='bbox 576 1467 985 1525; x_wconf 82' lang='lat' dir='ltr'>repraesentata,</span> <span class='ocrx_word' id='word_1_90' title='bbox 1049 1467 1100 1505; x_wconf 81' lang='lat' dir='ltr'>et</span> <span class='ocrx_word' id='word_1_91' title='bbox 1149 1458 1452 1504; x_wconf 77' lang='lat' dir='ltr'>necessitate</span> 
     </span>
     <span class='ocr_line' id='line_1_17' title="bbox 75 1535 1454 1603; baseline -0.001 -18"><span class='ocrx_word' id='word_1_92' title='bbox 75 1536 332 1587; x_wconf 86' lang='lat' dir='ltr'>etusmodi</span> <span class='ocrx_word' id='word_1_93' title='bbox 372 1539 501 1587; x_wconf 89' lang='lat' dir='ltr'>Suae</span> <span class='ocrx_word' id='word_1_94' title='bbox 530 1538 789 1603; x_wconf 88' lang='lat' dir='ltr'>Majestati</span> <span class='ocrx_word' id='word_1_95' title='bbox 822 1540 1197 1588; x_wconf 86' lang='lat' dir='ltr'>Sacratissimae</span> <span class='ocrx_word' id='word_1_96' title='bbox 1233 1535 1454 1584; x_wconf 91' lang='lat' dir='ltr'>demisse</span> 
     </span>
     <span class='ocr_line' id='line_1_18' title="bbox 75 1617 1453 1687; baseline -0.001 -21"><span class='ocrx_word' id='word_1_97' title='bbox 75 1621 342 1687; x_wconf 82' lang='lat' dir='ltr'>proposita</span> <span class='ocrx_word' id='word_1_98' title='bbox 362 1654 380 1678; x_wconf 85' lang='lat'>‚</span> <span class='ocrx_word' id='word_1_99' title='bbox 416 1621 556 1683; x_wconf 85' lang='lat' dir='ltr'>juxta</span> <span class='ocrx_word' id='word_1_100' title='bbox 582 1619 748 1686; x_wconf 90' lang='lat' dir='ltr'>Regni</span> <span class='ocrx_word' id='word_1_101' title='bbox 779 1620 977 1687; x_wconf 81' lang='lat' dir='ltr'>legem,</span> <span class='ocrx_word' id='word_1_102' title='bbox 1011 1623 1271 1686; x_wconf 87' lang='lat' dir='ltr'>signanter</span> <span class='ocrx_word' id='word_1_103' title='bbox 1316 1617 1453 1666; x_wconf 79' lang='lat' dir='ltr'>Arti-</span> 
     </span>
     <span class='ocr_line' id='line_1_19' title="bbox 71 1698 1451 1768; baseline -0.001 -20"><span class='ocrx_word' id='word_1_104' title='bbox 71 1700 308 1749; x_wconf 79' lang='lat' dir='ltr'>culorum</span> <span class='ocrx_word' id='word_1_105' title='bbox 356 1711 605 1764; x_wconf 77' lang='lat'>13.1351.</span> <span class='ocrx_word' id='word_1_106' title='bbox 648 1711 698 1750; x_wconf 86' lang='lat' dir='ltr'>et</span> <span class='ocrx_word' id='word_1_107' title='bbox 754 1714 830 1763; x_wconf 79' lang='lat'>13.</span> <span class='ocrx_word' id='word_1_108' title='bbox 882 1698 1198 1768; x_wconf 87' lang='lat' dir='ltr'>Sigismundi</span> <span class='ocrx_word' id='word_1_109' title='bbox 1243 1701 1451 1751; x_wconf 90' lang='lat' dir='ltr'>Decreti</span> 
     </span>
     <span class='ocr_line' id='line_1_20' title="bbox 73 1779 1451 1848; baseline -0.001 -17"><span class='ocrx_word' id='word_1_110' title='bbox 73 1784 207 1832; x_wconf 86' lang='lat' dir='ltr'>tertii</span> <span class='ocrx_word' id='word_1_111' title='bbox 239 1794 471 1833; x_wconf 88' lang='lat' dir='ltr'>tenorem</span> <span class='ocrx_word' id='word_1_112' title='bbox 492 1819 508 1844; x_wconf 90' lang='lat'>‚</span> <span class='ocrx_word' id='word_1_113' title='bbox 561 1782 941 1833; x_wconf 72' lang='lat' dir='ltr'>possessoribus</span> <span class='ocrx_word' id='word_1_114' title='bbox 981 1781 1232 1848; x_wconf 82' lang='lat' dir='ltr'>ejusmodi</span> <span class='ocrx_word' id='word_1_115' title='bbox 1262 1779 1451 1843; x_wconf 75' lang='lat' dir='ltr'>,bono-</span> 
     </span>
     <span class='ocr_line' id='line_1_21' title="bbox 71 1863 1450 1930; baseline -0.001 -16"><span class='ocrx_word' id='word_1_116' title='bbox 71 1880 185 1914; x_wconf 84' lang='lat' dir='ltr'>rum</span> <span class='ocrx_word' id='word_1_117' title='bbox 214 1863 315 1911; x_wconf 92' lang='lat' dir='ltr'>alia</span> <span class='ocrx_word' id='word_1_118' title='bbox 346 1863 512 1920; x_wconf 89' lang='lat' dir='ltr'>bona,</span> <span class='ocrx_word' id='word_1_119' title='bbox 536 1863 721 1929; x_wconf 64' lang='lat' dir='ltr'>&gt;quoad</span> <span class='ocrx_word' id='word_1_120' title='bbox 749 1865 1003 1930; x_wconf 90' lang='lat' dir='ltr'>valorem,</span> <span class='ocrx_word' id='word_1_121' title='bbox 1040 1876 1092 1914; x_wconf 87' lang='lat' dir='ltr'>et</span> <span class='ocrx_word' id='word_1_122' title='bbox 1124 1863 1450 1914; x_wconf 88' lang='lat' dir='ltr'>fructuosita-</span> 
     </span>
     <span class='ocr_line' id='line_1_22' title="bbox 72 1943 1450 2010; baseline 0 -17"><span class='ocrx_word' id='word_1_123' title='bbox 72 1956 177 1993; x_wconf 89' lang='lat' dir='ltr'>tem</span> <span class='ocrx_word' id='word_1_124' title='bbox 217 1943 668 2010; x_wconf 73' lang='lat' dir='ltr'>(praescindendo</span> <span class='ocrx_word' id='word_1_125' title='bbox 703 1957 874 1995; x_wconf 88' lang='lat' dir='ltr'>tamen</span> <span class='ocrx_word' id='word_1_126' title='bbox 918 1962 946 1995; x_wconf 89' lang='lat' dir='ltr'>a</span> <span class='ocrx_word' id='word_1_127' title='bbox 982 1943 1228 2007; x_wconf 87' lang='lat' dir='ltr'>mineris)</span> <span class='ocrx_word' id='word_1_128' title='bbox 1280 1947 1450 2010; x_wconf 87' lang='lat' dir='ltr'>aequi·</span> 
     </span>
     <span class='ocr_line' id='line_1_23' title="bbox 71 2025 1448 2093; baseline 0 -17"><span class='ocrx_word' id='word_1_129' title='bbox 71 2026 296 2076; x_wconf 87' lang='lat' dir='ltr'>valentia</span> <span class='ocrx_word' id='word_1_130' title='bbox 356 2029 407 2074; x_wconf 92' lang='lat' dir='ltr'>in</span> <span class='ocrx_word' id='word_1_131' title='bbox 453 2025 621 2075; x_wconf 82' lang='lat' dir='ltr'>forma</span> <span class='ocrx_word' id='word_1_132' title='bbox 688 2027 874 2076; x_wconf 88' lang='lat' dir='ltr'>cambii</span> <span class='ocrx_word' id='word_1_133' title='bbox 931 2026 1351 2093; x_wconf 82' lang='lat' dir='ltr'>assignabuntur,</span> <span class='ocrx_word' id='word_1_134' title='bbox 1398 2037 1448 2076; x_wconf 82' lang='lat' dir='ltr'>et</span> 
     </span>
     <span class='ocr_line' id='line_1_24' title="bbox 71 2105 1446 2175; baseline -0.001 -18"><span class='ocrx_word' id='word_1_135' title='bbox 71 2107 425 2158; x_wconf 73' lang='lat' dir='ltr'>possessiones</span> <span class='ocrx_word' id='word_1_136' title='bbox 483 2107 735 2174; x_wconf 86' lang='lat' dir='ltr'>ejusmodi</span> <span class='ocrx_word' id='word_1_137' title='bbox 781 2111 1067 2158; x_wconf 86' lang='lat' dir='ltr'>minerosae</span> <span class='ocrx_word' id='word_1_138' title='bbox 1106 2105 1217 2159; x_wconf 80' lang='lat' dir='ltr'>Juri</span> <span class='ocrx_word' id='word_1_139' title='bbox 1263 2106 1446 2175; x_wconf 86' lang='lat' dir='ltr'>Regali</span> 
     </span>
     <span class='ocr_line' id='line_1_25' title="bbox 69 2190 484 2259; baseline -0.012 -18"><span class='ocrx_word' id='word_1_140' title='bbox 69 2190 484 2259; x_wconf 81' lang='lat' dir='ltr'>applicabuntur.</span> 
     </span>
    </p>

    <p class='ocr_par' dir='ltr' id='par_1_2' title="bbox 0 2267 1446 2833">
     <span class='ocr_line' id='line_1_26' title="bbox 191 2267 1445 2335; baseline 0.001 -15"><span class='ocrx_word' id='word_1_141' title='bbox 191 2275 329 2326; x_wconf 68' lang='lat' dir='ltr'>&#39;tt-to.</span> <span class='ocrx_word' id='word_1_142' title='bbox 369 2269 428 2318; x_wconf 85' lang='lat' dir='ltr'>Id</span> <span class='ocrx_word' id='word_1_143' title='bbox 476 2286 677 2335; x_wconf 88' lang='lat' dir='ltr'>quoque</span> <span class='ocrx_word' id='word_1_144' title='bbox 721 2270 997 2321; x_wconf 85' lang='lat' dir='ltr'>clementer</span> <span class='ocrx_word' id='word_1_145' title='bbox 1035 2267 1331 2330; x_wconf 82' lang='lat' dir='ltr'>ordinatur,</span> <span class='ocrx_word' id='word_1_146' title='bbox 1389 2282 1445 2322; x_wconf 90' lang='lat' dir='ltr'>ut</span> 
     </span>
     <span class='ocr_line' id='line_1_27' title="bbox 70 2352 1446 2421; baseline -0.002 -17"><span class='ocrx_word' id='word_1_147' title='bbox 70 2358 293 2421; x_wconf 82' lang='lat' dir='ltr'>universi</span> <span class='ocrx_word' id='word_1_148' title='bbox 328 2355 493 2402; x_wconf 84' lang='lat' dir='ltr'>Status</span> <span class='ocrx_word' id='word_1_149' title='bbox 533 2352 734 2419; x_wconf 85' lang='lat' dir='ltr'>Regni,</span> <span class='ocrx_word' id='word_1_150' title='bbox 792 2365 842 2402; x_wconf 91' lang='lat' dir='ltr'>et</span> <span class='ocrx_word' id='word_1_151' title='bbox 887 2354 1096 2402; x_wconf 87' lang='lat' dir='ltr'>Domini</span> <span class='ocrx_word' id='word_1_152' title='bbox 1146 2364 1446 2418; x_wconf 77' lang='lat' dir='ltr'>terrestres,</span> 
     </span>
     <span class='ocr_line' id='line_1_28' title="bbox 0 2433 1444 2501; baseline -0.003 -14"><span class='ocrx_word' id='word_1_153' title='bbox 0 2471 13 2478; x_wconf 95' lang='lat'>-</span> <span class='ocrx_word' id='word_1_154' title='bbox 69 2453 128 2487; x_wconf 88' lang='lat' dir='ltr'>ac</span> <span class='ocrx_word' id='word_1_155' title='bbox 166 2437 285 2499; x_wconf 79' lang='lat' dir='ltr'>alii,</span> <span class='ocrx_word' id='word_1_156' title='bbox 323 2437 663 2499; x_wconf 83' lang='lat' dir='ltr'>cujuscunque</span> <span class='ocrx_word' id='word_1_157' title='bbox 684 2433 1008 2498; x_wconf 81' lang='lat' dir='ltr'>conditionis,</span> <span class='ocrx_word' id='word_1_158' title='bbox 1043 2437 1229 2499; x_wconf 72' lang='lat' dir='ltr'>quiseu</span> <span class='ocrx_word' id='word_1_159' title='bbox 1256 2436 1304 2481; x_wconf 91' lang='lat' dir='ltr'>in</span> <span class='ocrx_word' id='word_1_160' title='bbox 1326 2450 1444 2501; x_wconf 88' lang='lat' dir='ltr'>pro·</span> 
     </span>
     <span class='ocr_line' id='line_1_29' title="bbox 69 2516 1443 2588; baseline -0.003 -19"><span class='ocrx_word' id='word_1_161' title='bbox 69 2523 225 2588; x_wconf 80' lang='lat' dir='ltr'>priis‚</span> <span class='ocrx_word' id='word_1_162' title='bbox 263 2535 349 2568; x_wconf 88' lang='lat' dir='ltr'>seu</span> <span class='ocrx_word' id='word_1_163' title='bbox 393 2518 612 2567; x_wconf 83' lang='lat' dir='ltr'>aliorum</span> <span class='ocrx_word' id='word_1_164' title='bbox 640 2521 851 2566; x_wconf 87' lang='lat' dir='ltr'>terrenis</span> <span class='ocrx_word' id='word_1_165' title='bbox 883 2516 1086 2567; x_wconf 82' lang='lat' dir='ltr'>fodinas</span> <span class='ocrx_word' id='word_1_166' title='bbox 1121 2516 1317 2579; x_wconf 83' lang='lat' dir='ltr'>colunt,</span> <span class='ocrx_word' id='word_1_167' title='bbox 1356 2526 1443 2565; x_wconf 87' lang='lat' dir='ltr'>aut</span> 
     </span>
     <span class='ocr_line' id='line_1_30' title="bbox 65 2597 1440 2664; baseline -0.004 -15"><span class='ocrx_word' id='word_1_168' title='bbox 65 2599 136 2649; x_wconf 91' lang='lat' dir='ltr'>ad</span> <span class='ocrx_word' id='word_1_169' title='bbox 164 2601 416 2649; x_wconf 89' lang='lat' dir='ltr'>culturam</span> <span class='ocrx_word' id='word_1_170' title='bbox 453 2597 746 2648; x_wconf 87' lang='lat' dir='ltr'>fodinarum</span> <span class='ocrx_word' id='word_1_171' title='bbox 765 2614 963 2664; x_wconf 84' lang='lat' dir='ltr'>quaqua</span> <span class='ocrx_word' id='word_1_172' title='bbox 993 2602 1184 2647; x_wconf 86' lang='lat' dir='ltr'>ratione</span> <span class='ocrx_word' id='word_1_173' title='bbox 1203 2598 1440 2657; x_wconf 82' lang='lat' dir='ltr'>influunt,</span> 
     </span>
     <span class='ocr_line' id='line_1_31' title="bbox 0 2675 1439 2748; baseline -0.003 -17"><span class='ocrx_word' id='word_1_174' title='bbox 0 2675 7 2687; x_wconf 89' lang='lat'>&#39;</span> <span class='ocrx_word' id='word_1_175' title='bbox 63 2686 125 2731; x_wconf 77' lang='lat' dir='ltr'>iis</span> <span class='ocrx_word' id='word_1_176' title='bbox 168 2683 438 2739; x_wconf 81' lang='lat' dir='ltr'>omnibus,</span> <span class='ocrx_word' id='word_1_177' title='bbox 479 2692 528 2729; x_wconf 88' lang='lat' dir='ltr'>et</span> <span class='ocrx_word' id='word_1_178' title='bbox 562 2681 804 2748; x_wconf 89' lang='lat' dir='ltr'>singulis,</span> <span class='ocrx_word' id='word_1_179' title='bbox 855 2697 980 2747; x_wconf 88' lang='lat' dir='ltr'>quae</span> <span class='ocrx_word' id='word_1_180' title='bbox 1020 2684 1154 2730; x_wconf 88' lang='lat' dir='ltr'>circa</span> <span class='ocrx_word' id='word_1_181' title='bbox 1194 2678 1439 2742; x_wconf 77' lang='lat' dir='ltr'>modum,</span> 
     </span>
     <span class='ocr_line' id='line_1_32' title="bbox 62 2759 1439 2833; baseline 0.001 -22"><span class='ocrx_word' id='word_1_182' title='bbox 62 2773 116 2813; x_wconf 84' lang='lat' dir='ltr'>et</span> <span class='ocrx_word' id='word_1_183' title='bbox 144 2762 363 2817; x_wconf 83' lang='lat' dir='ltr'>formam</span> <span class='ocrx_word' id='word_1_184' title='bbox 397 2760 626 2828; x_wconf 58' lang='lat' dir='ltr'>fodinas,</span> <span class='ocrx_word' id='word_1_185' title='bbox 677 2774 728 2812; x_wconf 90' lang='lat' dir='ltr'>et</span> <span class='ocrx_word' id='word_1_186' title='bbox 782 2766 1064 2833; x_wconf 77' lang='lat' dir='ltr'>respective</span> <span class='ocrx_word' id='word_1_187' title='bbox 1101 2771 1272 2832; x_wconf 81' lang='lat' dir='ltr'>partes</span> <span class='ocrx_word' id='word_1_188' title='bbox 1312 2759 1439 2813; x_wconf 76' lang='lat' dir='ltr'>fodi-</span> 
     </span>
    </p>
   </div>
  </div>
 </body>
</html>
