1690 3016
214 189 313 236 350
714 191 903 232 *moe
912 194 1092 236 :mam

214 292 353 338 tiam.
425 290 501 340 Ex
533 290 775 358 gravibus
796 294 1012 356 querelis
1039 294 1271 347 fidelium
1300 309 1591 347 nostrorum

213 369 558 432 prudentum,
596 384 646 420 et
678 371 1174 441 Circumspectorum
1206 375 1480 442 Judicum,
1543 368 1592 428 et

209 451 532 514 Juratorum,
570 466 955 520 ceterorumque
985 459 1172 506 civium
1214 463 1474 507 civitatum
1504 476 1592 508 no-

213 548 426 585 strarum
461 547 817 585 montanarum
852 539 1217 605 intelligimus,
1255 540 1470 604 qualiter
1501 540 1593 588 Ca-

213 620 443 684 pitaneus
478 616 725 679 Zoliensis
755 618 925 669 vestro
945 656 959 678 ,
998 631 1051 669 ut
1079 620 1594 684 arbitrarentur‚con-

213 699 360 758 silio,
399 716 484 748 eos
515 703 701 755 mirum
740 703 791 749 in
820 700 1032 751 modum
1065 715 1304 762 vexaret,
1343 715 1391 752 et
1425 703 1594 753 turba·

213 790 319 839 ret,
358 780 488 828 ultra
519 796 672 844 quam
710 797 799 847 par
837 792 1005 842 esset,
1044 793 1094 831 et
1131 783 1430 833 honestum:
1469 801 1590 834 nam

208 871 422 928 propter
459 865 802 928 suspicionem
846 862 1008 910 solam
1063 861 1348 914 eductionis
1397 868 1590 933 argenti

209 943 480 1010 plerosque
547 959 726 991 eorum
773 947 1010 992 concives
1040 958 1153 1012 vper
1193 942 1443 995 Joannem
1488 947 1593 995 Do·

215 1023 420 1091 boczky
459 1027 604 1091 capi,
657 1034 706 1072 et
753 1023 969 1072 detineri
1005 1021 1262 1087 fecisset,¹
1295 1043 1357 1076 ex
1409 1026 1590 1093 quibus

209 1104 311 1155 duo
358 1110 512 1156 etiam
540 1105 794 1155 interf'ecti
837 1107 1084 1156 fuissent:
1121 1106 1175 1156 id
1221 1120 1388 1158 autem
1442 1125 1501 1159 ea
1537 1110 1591 1158 fi·

210 1186 363 1238 ducia
397 1189 543 1238 illum
576 1188 781 1246 facere,
820 1188 958 1253 quod
993 1187 1134 1248 Nos,
1172 1202 1222 1239 et
1249 1190 1476 1259 praefata
1502 1192 1592 1240 So·-

207 1286 291 1318 ror
347 1280 517 1319 nostra
577 1267 868 1319 charissima
921 1273 1096 1334 vigore
1150 1271 1474 1331 Literarum,
1540 1284 1588 1320 et

206 1348 372 1400 Edicti
417 1353 574 1399 nostri
615 1348 896 1398 custodiam
928 1354 1121 1416 argenti
1162 1350 1589 1402 eidemandasse-

207 1450 339 1483 mus.
381 1433 485 1481 Nos
516 1443 731 1498 accepta¹
764 1448 938 1479 eorum
972 1433 1350 1498 supplicatione
1387 1433 1587 1492 humili,

210 1517 443 1565 nolentes
477 1519 613 1583 ipsos
643 1512 873 1562 subditos
898 1526 1101 1562 nostros
1136 1514 1362 1565 indebite
1393 1521 1586 1565 vexari:

208 1599 329 1648 licet
366 1602 502 1647 enim
538 1599 979 1648 commiserimus,
1031 1607 1085 1644 ut
1142 1601 1336 1664 argenti
1381 1597 1585 1648 eductio

209 1683 599 1738 observaretur,
636 1694 698 1727 ne
731 1687 979 1736 nostrum,
1018 1687 1067 1725 et
1097 1681 1250 1745 ipsius
1273 1679 1466 1729 Sororis
1497 1697 1589 1728 no·-

211 1775 371 1825 strae,
408 1778 465 1811 ac
488 1765 648 1813 <totius
682 1759 849 1825 Regni
884 1757 1127 1808 damnum
1159 1758 1275 1808 hinc
1301 1764 1439 1826 sequi
1470 1777 1587 1829 pos-

210 1858 317 1906 set,
354 1861 458 1893 non
486 1854 657 1892 tamen
702 1843 1078 1904 commisimus,
1131 1850 1184 1889 ut
1230 1844 1366 1900 cives
1424 1845 1584 1892 nostri

210 1925 558 1982 trucidentur,
596 1933 645 1972 et
673 1921 737 1970 ob
779 1922 952 1971 levem
993 1925 1335 1990 suspicionem
1385 1926 1592 1991 capian-

208 2022 321 2067 tur,
357 2003 800 2070 incommodisque
835 2015 884 2054 et
942 2004 1089 2053 malis
1140 2001 1457 2054 afficiantur:
1523 2009 1586 2053 ci·

209 2094 352 2144 vium
384 2093 520 2139 enim
554 2091 781 2154 ipsorum
817 2088 1081 2154 oppressio
1117 2102 1219 2135 non
1249 2083 1390 2134 aliud
1435 2090 1585 2153 parit,

211 2189 362 2238 quam
399 2171 764 2221 Montanarum
798 2170 1025 2229 ruinam,
1062 2177 1111 2215 et
1143 2177 1389 2225 nostrum,
1419 2182 1477 2213 ae
1500 2168 1588 2214 So-

211 2257 338 2304 roris
371 2262 574 2300 nostrae
605 2246 959 2306 charissimae,
996 2253 1246 2313 totiusque
1288 2247 1454 2314 Regni
1498 2263 1588 2295 no·

211 2337 299 2385 stri
333 2332 593 2382 damnum.
667 2327 910 2379 Custodia
940 2327 1182 2393 quidem,
1230 2339 1280 2377 et
1322 2326 1587 2393 vigilantia

214 2415 431 2483 diligens
469 2410 761 2463 adhibenda
809 2424 884 2460 est
918 2415 971 2461 in
1015 2411 1142 2461 locis
1172 2410 1407 2478 publicis,
1441 2421 1490 2458 et
1518 2407 1587 2458 ad

210 2497 264 2549 id
300 2500 465 2566 aptis,
501 2512 566 2544 ne
599 2505 864 2561 argentum
897 2491 1139 2552 distrahi,
1181 2504 1229 2542 et
1279 2491 1425 2541 educi
1472 2509 1590 2560 pos·

209 2581 306 2640 ,sit3
345 2589 392 2627 et
426 2580 468 2626 si
503 2579 611 2641 quis
637 2579 686 2625 in
707 2574 803 2624 hoc
832 2574 968 2623 facto
988 2572 1418 2642 deprehendatur,
1434 2577 1586 2622 etiam

212 2655 532 2724 castigandus
575 2661 783 2705 omnino
827 2659 920 2704 erit
979 2658 1119 2720 juxta
1170 2656 1445 2704 Decretum
1500 2669 1592 2702 no-

211 2749 406 2802 strum,
441 2737 533 2788 sed
571 2753 675 2786 non
712 2748 992 2805 propterea
1025 2734 1239 2803 caedes,
1286 2747 1338 2785 et
1382 2734 1591 2786 homici-
