1690 3016
1300 175 1326 197 ὓ

556 231 937 284 wem
1337 232 1438 284 397

13 368 16 371 ·
62 342 203 394 tione
240 353 401 393 semet
445 345 500 392 in
548 344 753 410 negotia
801 337 1049 391 fodinalit
1084 339 1442 392 immisceant,

68 420 251 477 verum
291 428 459 496 partes
485 430 537 477 in
569 429 785 495 negotiis
827 421 1076 490 ejusmodi
1119 420 1185 472 ad
1232 417 1441 472 Jurisdi-

71 511 266 578 ctiones
295 507 579 577 praedictas
624 520 939 559 recurrentes
975 505 1043 557 ad
1083 504 1441 556 concernentia

60 586 269 641 ,Iudicia
303 588 668 649 Montanistica
697 589 957 657 relegerit,
994 593 1046 638 in
1077 586 1273 638 casibus
1313 602 1439 634 vero

58 670 148 721 ubi
184 688 280 740 per
304 663 504 724 Judicia
522 669 1167 722 MontanaJurisdictiones
1189 665 1440 736 ejusmodi

57 755 442 820 provinciales,
495 771 589 821 per
634 740 1031 812 subsidionales‚
1081 769 1167 802 seu
1213 766 1442 831 compas-

56 833 222 883 suales
259 837 686 899 requirerentur,¹
706 851 824 902 erga
861 836 1315 902 reciprocationem
1343 848 1438 900 per

57 912 261 965 Judicia
300 931 500 1002 quoque
530 916 794 965 Montana
843 912 1229 984 praestandam,
1267 928 1441 979 prom-

54 1008 201 1065 ptam
237 980 575 1048 assistentiam
611 997 860 1065 praebere
891 1008 1176 1049 teneantur.

192 1076 242 1128 6·
248 1089 319 1129 to,
362 1077 493 1129 Cum
529 1096 632 1128 non
665 1077 798 1136 levi,
835 1090 890 1130 ut
915 1082 1019 1143 jam
1066 1081 1438 1147 praemissum,

51 1156 255 1209 Jurium
302 1159 573 1228 Regalium
619 1159 942 1228 praejudicio
980 1158 1222 1210 hactenus
1269 1160 1440 1209 obser-

53 1251 231 1290 vatum
273 1253 381 1301 est,
444 1240 584 1307 quod
635 1242 867 1291 nonnulli
919 1243 1154 1291 Domini
1175 1251 1439 1291 terrestres

51 1324 180 1371 citra
201 1316 443 1390 legalem
487 1325 888 1386 Investituram‚
951 1325 1154 1390 privata
1193 1320 1439 1372 duntaxat
1492 1311 1505 1317 ”

49 1409 352 1468 autoritate,
414 1409 466 1458 in
510 1409 742 1474 propriis
780 1407 1045 1455 territoriis
1088 1408 1186 1455 suis
1243 1406 1435 1470 absque

49 1492 397 1555 praestatione
442 1488 680 1538 Urburae
711 1478 1005 1556 ⁴complures
1022 1462 1162 1546 fei-ri,
1197 1486 1437 1536 aliorum·

49 1585 147 1634 que
190 1569 550 1623 metallorum,
590 1582 639 1619 et
678 1574 988 1619 minerarum
1034 1567 1234 1618 fodinas
1269 1569 1436 1618 colue-
1485 1589 1496 1599 ·

46 1655 178 1707 rint,
243 1667 303 1700 ac
339 1649 500 1720 penes
532 1652 647 1701 illas
705 1650 933 1709 diversas
981 1650 1339 1710 malleaturas‚
1387 1662 1439 1701 et

46 1731 299 1783 Officinas
329 1734 703 1798 liquefactorias
745 1738 1016 1794 erexerint,
1037 1732 1320 1799 c'uJusmodi
1352 1733 1437 1783 ab·

46 1831 170 1865 usus
205 1814 458 1881 siquidem
506 1806 830 1866 manifestam
888 1803 1068 1883 ‘legum
1116 1818 1439 1883 praevarica-

43 1888 275 1958 tionem,
313 1912 374 1945 ac
410 1895 687 1946 indebitam
735 1895 931 1947 Jurium
982 1896 1254 1964 Regalium
1291 1891 1437 1951 usur-

42 1967 315 2045 pationem
347 1976 608 2037 redoleat,
645 1994 772 2043 quae
803 1979 962 2028 relate
977 1976 1044 2027 ad
1074 1981 1296 2056 cujusvis
1320 1996 1435 2049 spe-

43 2064 141 2110 ciei
184 2065 439 2119 minei-as,
495 2060 755 2128 signanter
784 2078 912 2110 vero
942 2065 1092 2111 etiam
1127 2061 1266 2122 ferri,
1305 2073 1434 2112 tam-

0 2206 3 2211 ?
41 2158 196 2207 quam
228 2142 418 2206 absque
453 2141 559 2190 ullo
602 2141 924 2200 discrimine,
962 2141 1027 2191 ad
1063 2141 1281 2192 eandem
1313 2160 1432 2195 cum

37 2223 155 2272 aliis
191 2226 399 2273 mineris
439 2211 653 2273 classem
693 2240 787 2290 per
820 2223 985 2290 Regni
1027 2224 1197 2291 leges,
1263 2225 1428 2291 relati,

37 2307 246 2372 penitus
286 2306 431 2368 tolli,
470 2318 518 2355 et
537 2305 774 2370 abrogari
798 2305 1019 2369 jubetur-3
1056 2304 1175 2355 hinc
1207 2307 1430 2358 clemen-

37 2396 118 2435 ter
170 2383 400 2435 decernit
446 2387 545 2435 Sua
603 2387 841 2448 Majestas
905 2386 1254 2437 Sacratissima
1286 2426 1303 2449 ,
1368 2402 1428 2439 ut

43 2483 223 2541 omnes
265 2467 375 2523 illi,
410 2471 491 2532 qui
531 2466 788 2531 hucusque
842 2484 928 2516 seu
958 2467 1112 2526 ferri,
1168 2487 1255 2520 seu
1306 2471 1429 2520 alio-

41 2564 156 2596 rum
193 2547 518 2609 metallorum
563 2547 762 2598 fodinas
805 2549 992 2614 absque
1036 2550 1183 2600 solita
1216 2554 1423 2602 investi-

39 2639 189 2687 tura,
223 2633 670 2716 praestationeque
707 2629 924 2680 urburae
964 2631 1301 2697 cultivarunt,
1352 2639 1434 2684 in·

37 2718 113 2755 tra
155 2724 242 2758 sex
279 2694 532 2759 mensium
583 2714 821 2786 spatium,
848 2727 882 2760 a
932 2709 1013 2760 die
1061 2711 1424 2779 publicationis

33 2790 284 2858 benignae
326 2789 471 2855 hujus
513 2790 851 2846 ordinationis
892 2792 1317 2861 computandum,
1348 2812 1425 2844 se·
