1690 3016
591 186 968 237 *hecout*-
1081 258 1086 265 ζ
1373 193 1467 249 331

729 312 847 366 XV.

111 427 704 486 1459.7Regis,MA·1-·rman
747 431 936 474 Corvini
964 432 1188 483 Edictum,
1215 442 1265 477 ut
1282 433 1474 478 Moneta.

215 508 349 537 aurea
376 497 557 551 semper
582 501 628 540 in
661 500 847 542 Camera
873 492 1193 543 Cremniciensi
1239 515 1318 556 per
1355 502 1470 543 duos

211 565 336 604 viros
368 572 392 604 e
423 564 671 608 Consulatu
700 571 895 611 civitatis
932 568 1275 613 Cremniciensis
1313 570 1471 627 probe-

213 640 313 687 tur,
346 642 390 674 et
423 638 724 679 examinetur,
1171 651 1181 653 '⁷

237 756 342 807 Nos
371 757 662 811 MATTmAs
691 761 790 811 Dei
825 760 1003 811 Gratia
1036 762 1147 812 Rex
1161 762 1470 829 Hungariae‚

101 836 418 904 Dalmatiae,
456 840 688 892 Croatiae
725 854 820 893 cet.
891 843 1180 893 Memoriae
1213 860 1470 894 commen-

102 916 281 974 damus
315 930 495 970 tenore
527 928 870 990 praesentium
906 925 1261 991 significantes,
1292 924 1472 988 quibus

98 998 308 1067 expedit
339 1005 601 1053 universis.
673 1004 829 1072 Quod
866 1021 958 1055 nos
989 1005 1220 1057 volentes
1262 1005 1471 1055 utilitati

97 1081 344 1134 Gamerae
375 1096 575 1134 nostrae
602 1085 991 1156 Cremniciensis'
1031 1088 1295 1138 consulere
1315 1127 1337 1151 ,Ἴ
1382 1095 1470 1148 ut,

97 1166 224 1226 sicut
249 1165 358 1215 aliis
392 1165 616 1217 Cameris
640 1167 805 1237 Regni
833 1172 991 1218 nostri
1016 1169 1349 1238 principalior
1376 1178 1470 1229 est,

92 1246 163 1294 ita
199 1245 533 1307 libertatibus,
572 1260 621 1297 et
649 1252 864 1314 antiquis
885 1253 985 1299 suis
1015 1247 1464 1308 consuetudinibus
1497 1275 1540 1318 ῃ

91 1325 287 1377 illibate
313 1326 551 1396 gaudeat,
573 1334 911 1387 concessimus
944 1330 1316 1398 circumspecto
1331 1328 1465 1383 Con-

92 1396 274 1459 sulatui
303 1408 533 1475 ejusdem
562 1409 795 1463 Civitatis
823 1425 1023 1465 nostrae
1056 1413 1465 1473 Cremnieiensi5‚

89 1500 140 1539 et
169 1499 344 1541 tenore
381 1495 728 1560 praesentium
767 1494 1127 1558 concediniuS‚
1172 1505 1227 1545 ut
1262 1508 1466 1562 semper

93 1557 196 1619 duo
231 1573 328 1623 viri
361 1569 558 1623 honesti
599 1571 664 1621 de
715 1573 899 1625 eodem
953 1574 1268 1634 Consulatu,
1318 1574 1464 1622 sicuti

90 1654 242 1702 etiam
267 1647 507 1704 hactenus
544 1653 749 1706 solitum
788 1666 926 1720 erat,
960 1673 1056 1725 pro
1103 1653 1463 1725 probatoribus

89 1732 398 1795 habeantur,
436 1739 520 1802 qui
546 1736 761 1805 probam
798 1749 1034 1787 monetae
1059 1749 1260 1788 nostrae
1277 1751 1459 1787 aureae

35 1832 37 1834 ’
88 1821 140 1868 in
177 1814 360 1867 eadem
379 1817 594 1868 Camera
626 1831 794 1871 nostra
818 1819 1182 1870 Cremniciensi
1213 1835 1308 1888 pro
1336 1829 1462 1867 tem-

85 1916 213 1970 pore
251 1894 515 1968 recipiant,
553 1911 602 1949 et
625 1906 916 1950 examinent
943 1913 1200 1951 monetam
1219 1899 1458 1964 eandem,

84 1998 148 2033 ne
181 1985 231 2030 in
263 1979 445 2030 eadem
487 1979 554 2031 ad
588 1979 830 2032 damnum
860 1994 1087 2032 nostrum
1123 1982 1340 2050 Regium
1361 1981 1459 2030 Re-

84 2066 271 2130 gnique
289 2063 425 2111 fraus
459 2067 706 2113 committi
724 2066 882 2132 possit
919 2065 1167 2130 aliqualis.
1205 2066 1458 2131 Quocirca

83 2140 238 2193 vobis
276 2138 519 2197 fidelibus*
546 2148 726 2194 nostris
760 2143 1042 2195 Comitibus
1089 2143 1337 2195 universis
1387 2142 1465 2193 di⁴

83 2232 191 2271 ctae
221 2220 467 2272 Gamerae
495 2235 693 2275 nostrae
748 2224 1138 2275 Cremniciensis
1194 2231 1296 2294 pro
1333 2235 1456 2274 tem·
1531 2223 1533 2226 ’

82 2322 208 2376 pore
244 2306 608 2368 existentibus,
645 2323 920 2374 eorumque
958 2306 1457 2374 Officialibus,prae-

84 2388 309 2440 sentibus
343 2389 677 2449 mandamus,
714 2400 957 2453 quatenus
994 2386 1131 2438 dicto
1159 2387 1456 2438 Consulatui

84 2468 312 2520 Civitatis
350 2482 555 2521 nostrae
585 2465 976 2518 Cremniciensis
999 2467 1321 2536 praedictae,
1370 2465 1460 2516 hu·

81 2549 301 2615 jusmodi
333 2549 558 2601 officium
598 2549 910 2617 probationis
954 2551 1209 2600 exercenti
1259 2556 1460 2598 contra·

84 2629 254 2680 dicere
302 2632 444 2680 nullo
499 2629 656 2679 modo
709 2641 1074 2698 praesumatur.
1163 2629 1455 2704 Praesentes

83 2716 266 2774 etiam,
304 2729 425 2780 quas
456 2712 634 2781 sigillo
669 2723 842 2763 nostro
877 2723 1102 2777 ξεστοῖο,
1139 2727 1238 2779 quo
1270 2721 1322 2762 ut
1340 2709 1454 2762 Rex
