1690 3016
581 211 956 281 -mopoob
1354 216 1449 267 351

74 318 160 370 dia
194 330 308 368 sunt
336 315 603 387 patranda.
676 318 850 385 Quare
884 314 1114 366 fidelitati
1143 324 1341 366 vestrae
1372 313 1456 363 ha·
1514 383 1517 386 Ι

73 419 185 452 rum
227 404 354 450 serie
397 402 609 450 firmiter
638 402 1039 463 committimus,
1088 406 1331 462 quatenus
1378 413 1457 444 ac·

72 486 235 550 ceptis
268 482 653 550 praesentibus,
690 497 718 529 a
760 480 1001 548 praef'atis
1032 483 1226 530 severis
1260 477 1455 527 actibus
1533 503 1541 510 κ

80 577 129 614 et
169 569 335 633 ipsum
375 563 710 632 Capitaneum
745 562 1066 624 Zoliensem‚
1118 559 1185 610 ad
1215 576 1368 626 quem
1407 569 1458 606 et

76 647 184 698 Nos
220 647 313 697 hac
348 645 412 696 de
447 664 498 695 re
535 643 829 695 mandatum
877 642 1144 702 dedimus,
1192 640 1457 710 prohibea-

75 734 171 789 tis,
210 740 261 779 et
294 745 389 779 vos
428 744 626 792 quoque
659 730 978 791 nequaquam
1010 741 1096 773 eos
1132 723 1353 783 faciatis,
1387 733 1458 771 at·

75 828 171 876 que
200 814 339 878 ipsos
379 807 607 858 subditos
639 820 838 858 nostros
860 846 876 868 ‚
909 819 965 856 et
1016 807 1213 855 Sororis
1255 815 1455 853 nostrae

73 895 126 941 in
161 909 337 940 eorum
364 894 507 956 justis
535 891 854 941 libertatibus
886 891 1215 940 conservetis.
1252 887 1310 936 In
1359 889 1460 934 exi-

73 971 255 1040 gendis
302 989 502 1037 quoque
533 976 746 1037 antiquis
782 970 965 1021 debitis
985 968 1350 1019 serenissimae
1368 967 1459 1015 So-

73 1058 199 1104 roris
236 1065 470 1117 nostrae,
525 1051 589 1102 de
618 1052 795 1118 quibus
834 1056 983 1101 etiam
1036 1057 1131 1120 ipsi
1189 1056 1325 1101 cives
1371 1067 1460 1100 no·
1538 1077 1540 1083 ι

75 1138 161 1183 stri
196 1145 604 1198 conqueruntur,
644 1144 792 1197 atque
818 1132 930 1182 aliis
952 1130 1459 1191 actionibusfvestrig

74 1231 198 1280 quas
237 1214 381 1263 isthic
411 1213 626 1277 habetis,
665 1227 779 1263 eum
814 1213 1046 1272 modum,
1084 1228 1132 1263 et
1151 1212 1460 1264 modestiam

70 1298 352 1347 observetis
373 1334 388 1356 ‚
434 1314 497 1344 ne
525 1300 621 1361 ipsi
663 1295 862 1345 Subditi
886 1299 1051 1344 'nostri
1081 1295 1462 1362 opprimantur,

67 1372 243 1428 sed'ut
274 1379 547 1426 Montanas
581 1381 717 1444 ipsas
757 1381 806 1425 in
859 1376 1054 1443 Regni,
1092 1387 1459 1439 nostrumque,

74 1469 124 1507 et
162 1460 523 1507 Serenissimae
555 1459 749 1507 Sor-oris
781 1469 986 1525 nostrae>
1013 1455 1345 1506 commodum
1377 1472 1458 1504 co-

78 1539 188 1588 lere
226 1542 438 1606 possint.
512 1537 669 1587 Aliud
702 1542 855 1605 igitur
883 1541 935 1587 in
964 1541 1258 1605 praemissis
1294 1553 1358 1585 ne
1392 1536 1464 1584 fe-

81 1625 267 1670 ceritis.
341 1621 694 1670 Praesentibus
742 1620 984 1687 perlectis
1026 1618 1284 1668 exhibenti
1324 1622 1464 1666 resti·

76 1706 213 1753 tutis.
287 1703 475 1751 Datum
509 1701 702 1768 Pragae
732 1702 948 1750 Decima
973 1712 1154 1751 octava
1185 1698 1306 1750 Julii
1326 1715 1466 1748 anno

74 1787 283 1835 Domini
311 1784 594 1835 Millesimo
624 1785 1029 1850 quingentesimo
1067 1780 1459 1848 quadragesimo

79 1876 276 1933 quarto.

650 2020 892 2073 XXVIII.

72 2159 187 2202 nod.
219 2172 324 2202 ann.
369 2156 513 2209 ejusd.
546 2156 679 2209 Regis
706 2155 885 2197 Literae
906 2154 959 2197 de
982 2153 1142 2196 eodem
1177 2165 1459 2209 argumente.

208 2277 609 2327 anomnmvs
646 2273 747 2326 διο.
787 2283 845 2322 ut
871 2290 1045 2335 supra.
1081 2269 1342 2326 Fidelibus
1371 2291 1466 2324 no-

74 2362 185 2410 stris
214 2360 505 2426 Magnificis
530 2394 545 2416 ‚
582 2356 901 2420 Bai-onibus,
949 2354 1264 2414 comitibus,
1304 2356 1458 2423 Egre-

68 2443 163 2508 giis
198 2440 538 2499 Castellanis‚
576 2437 867 2496 Nobilibus,
905 2439 1235 2504 ipsorumque
1253 2434 1458 2487 Officia·

68 2523 239 2584 libus,
278 2520 795 2585 Tricesimatoribus‚
833 2518 1164 2583 Tributariis‚
1199 2517 1459 2571 Telonea·

71 2605 301 2664 toribus,
338 2615 488 2670 atque
527 2605 637 2652 aliis
670 2605 1012 2667 cujuscunque
1053 2606 1238 2663 status,
1290 2603 1467 2655 condi-

70 2689 255 2742 tionis,
293 2697 349 2748 et
372 2689 758 2755 possessionatis
807 2684 1129 2744 hominibus,
1169 2701 1228 2734 ac
1261 2685 1466 2752 quibus·

66 2770 146 2818 vis
191 2764 412 2819 Subditis
457 2771 679 2831 nostris,
715 2778 1010 2840 praesentes
1058 2770 1270 2832 visuris,
1322 2768 1465 2820 Salu-
