1690 3016
199 161 294 212 266
648 207 651 209 .
692 170 1070 229 mnemon*-

78 262 87 270 '
190 273 478 335 argumenti
504 270 569 319 N.
601 270 910 334 CCXXIV.)
939 272 1058 322 vid.
1103 252 1270 324 emt.
1297 291 1346 333 ρ.
1375 286 1494 337 390.
1524 290 1569 320 n.

197 356 309 407 178.
341 378 409 424 -7-
448 352 527 401 De
561 350 802 402 adventu·
828 354 1079 404 Viennam
1122 354 1407 404 LEOPOLDI
1454 370 1569 404 cum

192 446 281 483 sua
319 428 548 497 Conjuge
576 448 638 480 ex
664 433 928 494 Hetruria.‚
960 444 1009 483 et
1041 433 1245 484 CAssoLI
1267 434 1422 486 Loth.
1453 453 1568 486 cum

189 510 371 559 Sorore
402 528 489 559 sua
526 530 588 565 ex
612 511 813 581 Belgio.
850 514 915 566 N.
966 513 1252 578 CCXXV.)
1291 514 1412 567 Vid.
1457 517 1567 571 Ca!-

103 626 107 629 -
183 606 234 653 p.
269 596 359 643 cit.
392 611 442 645 n.
494 605 598 653 179.
649 621 716 631 —-
765 596 841 643 De
886 595 1149 646 Electione
1187 596 1566 648 Mammam

187 671 402 723 Archid.
434 677 485 722 in
518 674 882 740 Coadjutorem
912 679 1146 745 Magistri
1193 676 1572 727 Ordinis'Teu-

181 759 342 806 tonici
375 755 439 809 N.
475 756 782 820 CCXXVI.)
799 770 846 808 et
863 760 996 824 seq.)
1031 757 1153 811 Vid.
1176 761 1346 807 Catal.
1376 777 1427 821 p.
1451 773 1569 822 39⁴¹·

186 855 236 888 n.
278 849 387 894 180.
415 849 464 907 et
505 851 610 897 18²·
654 867 721 875 —-
763 841 842 890 De
886 840 1125 909 Templo,
1160 838 1228 894 ad
1268 838 1572 905 quatuorde-

186 922 285 968 'cim
346 921 433 969 SS.
495 922 822 973 auxiliatores
887 922 1120 975 Viennae
1191 921 1433 988 ampliato
1503 920 1568 969 N.

186 1000 471 1052 CCXXIX.
505 1002 626 1054 Vid.
658 1005 819 1053 Cacal.
844 1023 893 1066 p.
920 1017 1036 1066 392.
1062 1022 1109 1055 η.
1147 1014 1258 1067 185.
1289 1029 1354 1038 --
1384 1001 1463 1050 Ob
1485 1018 1573 1051 ve·
1632 998 1638 1005 ⁶

184 1092 318 1137 teres
353 1083 698 1151 Vectigalium
728 1085 867 1152 leges
903 1085 1149 1134 Mantuae
1177 1080 1471 1134 emendatas
1504 1081 1571 1131 N.

185 1163 477 1228 CCXXX.)
514 1163 636 1214 Vid.
690 1167 855 1217 Catal.
890 1185 943 1228 p.
984 1178 1102 1227 394.
1134 1184 1183 1215 η.
1227 1177 1337 1227 191.
1377 1190 1446 1207 -ι-
1489 1163 1570 1213 Ob
1658 1208 1661 1212 .

184 1255 408 1296 erectam
458 1244 747 1296 Mediolani
801 1247 1027 1296 Domum
1088 1250 1445 1298 correctoriam
1503 1243 1568 1292 N.

184 1325 499 1388 CCXXXI.)
538 1326 658 1376 Vid.
712 1328 826 1378 Cat.
879 1345 929 1388 p.
974 1339 1092 1391 593.
1133 1346 1183 1377 n.
1236 1338 1342 1386 189.
1374 1353 1443 1361 --
1486 1325 1567 1374 Ob

184 1413 418 1475 junctum
452 1409 759 1460 Germaniae
792 1419 841 1462 et
871 1409 1045 1458 Italiae
1086 1411 1471 1459 commercium.
1503 1405 1567 1455 N.

183 1490 522 1553 CCXXXII.)
561 1489 681 1540 Vid.
734 1494 848 1538 Cat.
892 1510 943 1552 p.
978 1507 1095 1553 393.
1136 1508 1183 1541 n.
1236 1501 1346 1548 188.
1384 1516 1451 1524 --—
1485 1487 1567 1537 Ob

184 1583 356 1636 erecta
401 1571 690 1625 Mediolani
733 1583 780 1620 et
805 1567 1053 1620 Mantuae
1098 1567 1568 1638 Orphanotraphia.

183 1654 250 1703 N.
282 1641 930 1717 ccxxx111.)vid.cat.
956 1671 1006 1714 p.
1033 1669 1150 1716 304.
1183 1669 1230 1699 n.
1267 1665 1376 1713 190.
1400 1677 1466 1685 -
1485 1650 1566 1699 oh

183 1739 459 1788 instaurata
490 1736 845 1786 Universitatis
882 1732 1173 1787 Ticinensis
1210 1732 1458 1781 aedilicia.
1501 1730 1566 1780 N.

185 1816 550 1880 CCXXXIV.)
587 1814 709 1866 Vid.
754 1815 870 1869 Cat.
896 1834 947 1877 p.
981 1827 1098 1876 393.
1136 1831 1183 1862 n.
1238 1823 1346 1869 187.
1386 1838 1448 1848 --
1488 1812 1566 1863 De

183 1898 412 1951 adventu
457 1899 611 1966 Regis
657 1898 931 1947 Borussiae
988 1895 1054 1944 ad
1103 1884 1265 1944 castra
1321 1893 1565 1945 Caesarea

184 1978 448 2037 Neostadii
478 1983 530 2034 in
562 1980 819 2032 Moravia.
856 1977 921 2026 N.
953 1967 1290 2039 CCXXXV.)
1320 1974 1440 2023 Vid.
1473 1974 1570 2023 Ca·

68 2126 75 2133 ἱ
181 2065 275 2110 tal.
303 2078 354 2123 p.
403 2072 522 2123 392·
556 2077 605 2108 n.
658 2057 767 2115 186,
810 2085 877 2093 --
923 2059 1000 2108 De
1050 2074 1186 2109 novo
1237 2055 1468 2123 Templo
1513 2058 1567 2106 in

181 2141 432 2192 suburbio
494 2140 775 2190 Viennensi
821 2138 1130 2195 Sonnenhof
1173 2135 1441 2205 aedificato
1499 2135 1564 2184 N.

183 2221 549 2287 CCXXXVI.)
572 2220 693 2275 Vid.
731 2222 897 2272 Catal.
918 2241 968 2287 ρ.
997 2233 1113 2284 394.
1147 2217 1198 2268 n.'
1232 2234 1341 2281 192.
1378 2245 1445 2254 -—-
1483 2218 1564 2269 Ob

186 2315 575 2372 recuperatam,
621 2303 1018 2369 translatamque
1065 2302 1324 2352 dexteram
1378 2301 1427 2350 S.
1463 2300 1567 2349 Ste-

83 2397 84 2400 ’
185 2386 343 2456 phani
367 2387 520 2454 Regis
555 2386 618 2436 N.
640 2384 1033 2448 CCXXXVII‚)
1055 2384 1174 2433 Vid.
1195 2383 1360 2436 Catal.
1379 2400 1429 2441 ρ.
1447 2393 1563 2446 395.

187 2459 234 2518 ἡ.
267 2484 379 2533 193.
404 2496 472 2506 -
502 2469 583 2518 Ob
612 2485 869 2522 annonam
901 2467 1046 2517 samis
1081 2478 1313 2531 tempore
1354 2464 1567 2514 submis-

189 2566 296 2602 sam
342 2549 798 2606 VVettenhusianis.
866 2548 930 2598 N.
977 2544 1384 2607 CCXXXVIII.)
1442 2544 1563 2593 Vid.

190 2630 356 2684 fiatal.
384 2649 433 2692 p.
471 2633 580 2680 ead.
614 2649 660 2680 n.
713 2634 820 2692 196.
855 2634 931 2665 -4
956 2631 1034 2679 De
1076 2627 1345 2677 Connubio
1393 2626 1565 2676 Ferdi-

112 2700 154 2778 ,ἱ
192 2710 405 2770 dinandi
468 2711 680 2766 Archid.
760 2728 874 2768 cum
945 2711 1177 2762 Beatrice
1239 2710 1436 2774 Estensi
1498 2705 1562 2762 N.
