1690 3016
612 177 988 225 «bonnae—t-
1394 186 1485 239 291

123 284 257 343 riae,
289 298 347 332 ac
374 280 668 350 Principum
699 281 1120 343 Transilvaniae,
1162 299 1258 333 nee
1292 300 1395 333 non
1429 303 1494 335 ex

123 364 494 415 bracteatornm
522 375 862 431 cavornmque
892 384 1080 433 genere
1115 367 1250 418 haud
1282 385 1495 436 paucos,

125 450 247 511 quin
275 451 442 514 ipsum
475 445 605 497 adeo
646 452 903 517 typar-ium
950 466 1163 499 aeneum
1210 467 1306 517 pro
1347 467 1495 499 excu-
1529 476 1534 489 ι

128 528 311 580 dendis
350 530 600 596 ejusmodi
643 534 863 582 numulis
897 537 1147 598 argenteis
1193 534 1497 593 bracteatis‚

124 614 349 678 qualium
383 615 581 675 forma,
614 627 867 684 typusque
910 615 1214 665 describitur
1241 619 1292 665 in
1332 617 1495 665 Libro

124 696 365 743 Notitiae
395 716 446 758 p.
485 715 594 759 ¹25·
623 710 673 748 et
698 710 1106 767 repraesentatur
1145 700 1323 746 ibidem
1371 698 1496 748 Tob.

43 828 48 834 ,
126 777 212 828 11.
260 781 330 831 N.
370 785 447 834 68.
480 779 606 831 Item
650 782 712 829 P.
751 781 798 832 I.
845 782 1086 843 catalogi
1120 785 1402 849 praesentis
1442 799 1493 839 p.

128 870 208 917 4¹-
237 868 287 909 η’.
318 876 363 917 5.
392 877 451 909 ac
488 855 612 911 Tab.
644 878 690 922 2,
720 865 852 911 inter·
882 864 1036 909 Belae
1066 866 1143 910 ΙΙ.
1183 872 1404 911 monetas
1429 860 1497 911 N.

122 956 173 1001 5.
212 941 420 991 Summa
454 954 530 992 est
557 942 710 1018 hodie
737 949 911 993 raritas
938 943 1228 1013 Typarium
1250 943 1498 1010 originale

122 1038 220 1089 pro
253 1022 407 1071 medii
443 1027 556 1072 aevi
581 1025 802 1073 numulis
836 1026 1107 1075 bracteatis
1148 1029 1384 1090 cavisque
1423 1024 1500 1075 fa-

124 1115 261 1152 ctum
280 1145 295 1166 ,
319 1121 414 1154 nec
440 1109 646 1155 memini
670 1110 803 1158 inter
832 1111 1149 1172 antiquitates
1182 1111 1376 1175 uspiam
1411 1106 1499 1157 de-

74 1244 79 1248 *
122 1188 354 1252 pictum,
404 1188 491 1236 vel
542 1186 852 1255 descriptum
906 1188 1091 1243 fuisse:
1127 1189 1261 1238 istud
1313 1193 1499 1257 igitur,

121 1270 359 1330 quoniam
411 1268 475 1317 ab
532 1267 899 1319 humanissimo
950 1258 1245 1319 possessore
1290 1287 1499 1319 mecum

120 1351 551 1398 communicatum
585 1362 688 1412 est,
723 1367 825 1400 non
869 1351 1110 1399 morabor
1136 1351 1284 1401 isthic
1312 1351 1500 1401 descri-

59 1452 95 1501 Ιχ
118 1428 260 1479 bere.
311 1422 524 1480 Constat
555 1430 610 1480 id
652 1436 801 1481 unica
837 1432 1043 1499 plagula
1082 1437 1211 1482 aeris
1246 1432 1498 1493 indurati,

122 1510 270 1559 binas
313 1521 509 1560 tantum
547 1511 849 1572 drachmas,
904 1526 954 1562 et
993 1519 1074 1574 38.
1121 1531 1279 1581 grana
1317 1518 1497 1581 gravi,

122 1592 336 1658 figuram
366 1591 519 1642 habet
546 1599 777 1659 utrinque
805 1596 1045 1662 planam,
1071 1596 1382 1663 ellipticam,
1413 1613 1499 1645 cu-

118 1680 196 1742 jus
229 1679 335 1725 axis
368 1677 532 1739 major
567 1691 724 1725 unum
759 1676 1005 1743 pollicem
1042 1677 1202 1725 tribus
1234 1675 1498 1727 dumtaxat

121 1761 269 1809 lineis
299 1756 528 1817 excedit,
554 1761 733 1806 <minor
763 1761 927 1813 unius
952 1767 1026 1806 est
1073 1758 1298 1825 pollicis.
1365 1759 1497 1807 Huic

121 1842 360 1909 plagulae
390 1857 492 1891 non
528 1844 576 1889 in
611 1850 822 1899 centro,
860 1837 950 1887 sed
984 1843 1035 1888 in
1070 1836 1377 1890 foco'incisa
1418 1853 1497 1890 est

123 1923 287 1973 forma
318 1923 513 1972 numuli
543 1920 841 1970 orbicularis
885 1918 1188 1970 diametrum
1232 1921 1386 1971 medii
1422 1921 1496 1972 di-

120 2008 212 2073 giti
242 2004 506 2064 habentis,
545 2006 595 2052 in
642 2006 783 2067 cujus
827 2018 942 2051 area
984 2014 1060 2051 est
1100 2001 1235 2051 Crux
1284 2006 1496 2071 patriar-

122 2085 283 2136 chalis
309 2089 565 2135 introcusa
597 2101 710 2133 cum
741 2083 884 2146 basi,
922 2094 970 2132 et
994 2086 1173 2133 rosulis
1205 2102 1267 2133 eo
1302 2084 1498 2150 modo,

119 2183 220 2233 quo
250 2165 432 2216 eadem
462 2168 513 2214 in
539 2175 777 2232 argenteo
804 2165 1015 2213 numulo
1039 2166 1298 2214 bractea-to
1326 2171 1376 2215 in'
1392 2165 1498 2215 Ta·

118 2248 253 2298 bulis
277 2263 431 2315 supra
460 2250 751 2295 memoratis
788 2250 1023 2296 occurrit.
1072 2246 1204 2295 Hinc
1246 2258 1496 2313 apparet,

40 2360 45 2366 -
121 2346 219 2399 pro
261 2332 565 2380 tenuissimis
617 2327 788 2394 exigui
824 2327 1057 2377 diametri
1096 2328 1405 2383 bracteolis,
1442 2333 1495 2379 in

123 2421 359 2461 monetae
386 2426 532 2459 usum
567 2407 758 2457 ruditer
783 2407 1075 2474 signandis,
1102 2425 1204 2458 non
1236 2426 1362 2476 opus
1381 2410 1499 2460 fuis·

126 2506 193 2539 se·
222 2490 387 2540 forma
426 2490 709 2557 chalybea,
747 2490 1020 2556 exsculptis
1067 2491 1236 2557 figuris
1283 2507 1497 2559 aspera,

128 2569 218 2618 sed
245 2567 504 2618 suffecisse
540 2586 784 2632 aeneam,
822 2569 963 2617 velut
1002 2585 1095 2636 pro
1129 2570 1304 2636 sigillis
1330 2574 1498 2639 expri-

129 2646 359 2709 mendis,
396 2652 641 2713 incisam,
678 2650 881 2714 levique
923 2653 1251 2717 percussione
1290 2653 1501 2716 mallei,

106 2728 199 2780 -ad
227 2728 611 2800 impediendum
637 2728 911 2793 videlicet,
948 2747 1012 2793 ue
1042 2728 1398 2783 subtilissimae
1425 2728 1500 2780 id-

1151 2810 1268 2864 Tz
