1644 3022
541 207 910 254 mmm..
1341 219 1405 267 53

64 319 176 358 snut
202 308 416 376 amplius
431 341 449 367 ‚
482 307 564 371 qui
584 307 723 356 initia
754 309 972 374 signatae
990 323 1051 357 ex
1073 321 1280 376 argento
1300 327 1410 359 mo-

0 441 2 446 ,
65 400 212 439 netae
239 389 552 457 Hungaricae
584 386 650 436 ad
679 404 858 445 num
889 390 927 439 1.
956 377 1210 445 feserunt,
1251 392 1410 442 veluti

66 468 228 519 Mich.
257 468 480 535 Sigterus
512 471 563 519 in
600 484 686 517 sua
725 467 1067 537 Chronologia
1111 470 1178 520 ad
1222 487 1411 521 annum

74 549 214 600 1060.
244 565 302 600 ae
329 549 558 600 nonnulli
590 549 701 608 alii,
737 564 851 597 cum
875 549 1219 616 possideamus
1243 555 1416 620 genui·
1486 591 1491 597 .

69 641 176 686 nas,
213 642 272 676 ac
294 630 509 677 sinceras
537 638 759 678 monetas
786 640 1044 695 argenteas
1067 629 1262 697 Regum
1277 631 1415 679 Hun-

69 710 267 772 gariae,
289 711 372 773 qui
395 710 567 757 Belum
585 708 632 758 I.
655 721 1058 776 praecesserunt,
1083 710 1200 760 inde
1234 727 1263 759 a
1295 709 1415 760 divo

66 784 207 852 Rege
245 786 491 856 Stephano
526 788 575 835 I.
646 786 784 854 Quid
812 788 949 853 quod
980 794 1088 856 ipse
1123 788 1250 839 adeo
1281 804 1413 837 nu

67 865 107 913 1.
133 867 236 928 jam
265 877 444 925 antea,
478 884 626 931 quam
659 868 811 935 Regis
860 870 1059 917 titulum
1095 871 1417 937 sumpsisset,

69 955 300 993 monetas
329 959 585 1012 argenteas
616 951 667 997 in
689 946 917 1011 Ducam,
952 966 1100 1014 quem
1129 949 1222 998 sibi
1249 967 1311 998 ex
1327 948 1426 997 Po-

72 1023 209 1076 Ionia
245 1037 480 1075 revocato
505 1027 659 1076 frater
686 1045 802 1078 suus
834 1044 1080 1079 Annuus
1106 1029 1144 1078 Ι.
1186 1033 1239 1078 in
1285 1029 1424 1077 Hun-

71 1107 212 1170 garia
241 1107 486 1163 contulit,
516 1106 770 1157 feriundas
802 1106 1086 1158 curaverit?
1120 1123 1235 1158 nam
1262 1119 1310 1156 et
1338 1106 1427 1155 hu-

73 1187 150 1248 jus
186 1188 256 1233 rei
284 1197 434 1233 testes
463 1185 704 1235 habemus
737 1187 996 1246 denarios,
1048 1187 1165 1236 hinc
1210 1189 1236 1243 †
1286 1202 1424 1237 nus

75 1279 208 1322 nvx,
242 1263 361 1313 inde
389 1267 416 1321 ’γ
437 1281 702 1345 summurn
730 1270 996 1334 inscriptos
1026 1283 1138 1317 cum
1161 1277 1289 1335 typo·
1306 1266 1428 1315 Cru-

74 1347 178 1403 cis,
219 1355 268 1393 et
293 1357 504 1408 quatuor
537 1348 901 1414 triangulorum
922 1351 972 1398 in
990 1349 1177 1397 circulo
1194 1364 1427 1407 aversae,

75 1441 290 1490 quorum
323 1437 491 1476 tamen
515 1428 710 1476 loco‘in
743 1434 883 1496 parte
917 1432 1079 1477 antica
1106 1431 1232 1476 intra
1268 1429 1423 1477 cot-ol·-

77 1500 567 1575 lam‚{ad⁴opposit(·.s
597 1510 768 1561 Crucis
793 1514 843 1559 in
869 1509 1039 1572 medio
1069 1525 1332 1578 expressae
1348 1525 1432 1559 ann-

79 1588 242 1654 gulos‚
265 1587 420 1637 modo
438 1589 578 1638 binas
594 1592 715 1639 alias
744 1591 999 1650 oraculas,
1030 1590 1185 1640 modo
1213 1590 1434 1646 lunulas,

82 1670 349 1718 observare
374 1670 508 1719 licet.
569 1670 716 1720 Conf.
748 1675 834 1720 cit.
871 1671 1042 1718 Notit.
1083 1689 1132 1732 p.
1184 1672 1290 1720 16².
1330 1687 1432 1732 seq.

80 1750 274 1801 Numus
299 1763 561 1817 argenteus
593 1769 754 1819 nuper
787 1768 825 1819 a*
847 1752 1013 1818 Spect.
1047 1751 1109 1799 D.
1138 1750 1284 1800 Petro
1324 1751 1441 1796 Ku-

79 1831 219 1892 bmyi
250 1847 447 1879 mecum
483 1831 910 1889 communicatus,
947 1833 1137 1898 optime
1171 1846 1435 1880 conserva·

79 1912 250 1969 tionis,
286 1913 334 1958 in
371 1911 461 1959 illa
491 1923 662 1979 parte,
700 1916 749 1961 in
778 1928 875 1977 qua
900 1912 926 1968 †
956 1927 1089 1960 BELA
1142 1927 1249 1960 nvx
1298 1910 1419 1977 legi·

82 2001 187 2051 tur,
225 1993 357 2039 circa
388 1992 602 2040 Crucem
631 1998 680 2042 in
710 1993 903 2042 corolla
932 1991 1150 2041 effictam
1181 1990 1246 2040 ad
1282 1992 1442 2059 oppo‘

84 2074 202 2146 sitos
235 2073 447 2138 angulos
479 2072 629 2122 habet
660 2073 759 2122 duo
808 2074 1087 2139 triangula,
1136 2084 1186 2122 et
1226 2074 1442 2123 totidem

84 2154 336 2220 globulos.
407 2153 593 2202 Omnes
622 2154 826 2218 quidem
854 2157 990 2205 numi
1042 2156 1193 2200 Betae
1239 2157 1280 2202 Ι.
1333 2164 1446 2203 sunt

88 2237 211 2291 rari,
247 2237 375 2282 inter
406 2232 494 2284 hos
528 2245 694 2284 tamen
738 2239 934 2284 raritate
971 2236 1282 2302 praecellunt
1325 2251 1441 2283 cum

89 2319 410 2382 inscriptione
444 2317 470 2372 †
499 2332 627 2363 ΒειΑ
663 2333 792 2374 nex,
839 2329 886 2363 et
934 2331 1236 2374 PAunomA,
1282 2318 1447 2379 cujus-

90 2394 229 2445 modi
265 2412 416 2446 unum
451 2395 570 2445 vide
603 2400 651 2444 in
691 2401 769 2446 cit.
809 2398 966 2444 Catal.
990 2414 1038 2455 p.
1063 2409 1142 2459 33.
1180 2413 1276 2457 seq.
1327 2397 1450 2445 alte·

91 2493 203 2525 rum
233 2481 285 2526 in
311 2494 460 2545 supra
484 2481 563 2526 cit·
595 2476 798 2534 Nomia
823 2494 873 2538 p.
911 2490 1019 2527 104.
1051 2474 1204 2525 sedin
1227 2479 1320 2524 isto
1338 2494 1448 2543 pars

95 2573 270 2606 aversa
296 2572 388 2625 pro
416 2563 741 2626 inscriptione
775 2557 925 2606 habet
953 2556 1274 2606 solummodo
1306 2562 1453 2607 vesti·

96 2641 173 2703 gia
201 2636 445 2701 quaedam
477 2655 600 2689 cava
628 2639 882 2687 literarum
903 2673 918 2696 ‚
949 2649 995 2686 et
1022 2640 1073 2686 in
1109 2636 1278 2686 medio
1312 2638 1452 2685 nulla

99 2723 226 2766 circa
259 2717 470 2768 Csucem
513 2720 760 2785 triangula
813 2719 1174 2777 observantur,
1228 2722 1344 2781 quin
1407 2727 1455 2765 et

1093 2801 1140 2847 D
1175 2817 1207 2868 3
