1690 3016
210 175 311 226 3⁴8
717 167 1095 218 nemeen-4..

212 271 612 332 intellexissent,
651 290 712 323 ex
749 283 835 323 tua
860 275 1218 323 commissione
1250 290 1341 341 per
1374 274 1595 325 Servito-

212 370 290 404 res
317 353 528 405 Joannis
556 355 902 422 Dubowczky
938 355 1040 404 duo
1088 365 1172 404 aut
1203 366 1304 404 tres
1340 359 1476 405 cives
1502 382 1504 384 ·
1529 361 1596 406 ci-

211 438 382 485 vitatis
420 449 624 486 nostrae
654 437 1028 488 Novizoliensis
1057 435 1178 487 dum
1226 436 1591 488 Vratislaviam

209 522 532 584 negotiorum
562 535 767 568 suorum
808 518 1225 588 peragendorum
1268 523 1429 586 gratia
1477 537 1596 587 pro·

151 593 154 597 ⁵
209 600 581 657 ficiscerentur‚
617 603 669 648 in
701 603 785 659 via
819 601 1026 668 publica
1064 605 1116 652 vi
1153 605 1312 654 invasi
1363 601 1591 663 fuissent,

210 694 425 744 quorum
455 679 557 730 duo
585 681 835 731 interfecti
889 686 1041 732 etiam
1096 683 1342 744 fuissent,
1400 697 1448 734 et
1492 683 1594 733 duo

214 769 390 809 eorum
421 761 587 810 adhuc
615 765 663 811 in
698 768 994 831 captivitate
1034 766 1182 816 isthic
1227 766 1593 837 detinerentpr.

208 842 350 890 Haec
387 854 555 892 autem
591 849 762 894 omnia
801 851 1001 896 nonnisi
1033 866 1094 896 ex
1140 836 1438 916 'suspicione
1478 853 1595 898 sim-

205 924 329 992 plici
361 922 645 975 eductionis
672 932 867 995 argenti
899 928 1033 978 facta
1061 941 1258 979 essent:
1297 930 1422 979 nihil
1454 934 1591 980 enim

206 1010 403 1071 argenti
435 1024 538 1056 non
566 1013 687 1077 'cusi
735 1008 875 1077 apud
935 1029 1020 1060 eos
1083 1024 1342 1080 repertum
1396 1012 1594 1061 fuisset.

206 1086 587 1155 Supplicatione
649 1094 818 1156 itaque
875 1109 1054 1142 eorum
1082 1093 1287 1162 *humili
1348 1105 1593 1161 accepta,

207 1183 363 1231 quum
397 1170 515 1218 talia
547 1182 627 1219 tua
665 1171 796 1221 facta
824 1189 951 1238 quae
987 1192 1088 1223 non
1121 1179 1171 1223 in
1218 1174 1592 1238 defensionem,

204 1261 287 1300 aut
320 1256 699 1318 promotionem
751 1259 979 1322 ipsorum
1035 1261 1222 1307 civium
1266 1269 1591 1320 nostrorum,

206 1331 296 1382 sed
327 1338 496 1400 potius
556 1337 924 1385 Montanarum
980 1340 1201 1403 ipsarum
1253 1341 1479 1395 ruinam,
1543 1349 1593 1387 et

206 1413 579 1464 desolationem
608 1429 855 1482 vergant,
903 1417 1166 1482 Nobisque
1203 1417 1292 1477 id,
1343 1430 1392 1468 et
1449 1437 1593 1486 prae-

204 1495 338 1545 fatae
377 1498 548 1546 Sorori
604 1509 806 1547 nostrae
859 1499 1219 1558 charissimae,
1292 1516 1350 1547 ac
1409 1499 1590 1565 Regno

204 1582 443 1628 universo
476 1583 536 1628 sit
571 1579 855 1629 admodum
889 1580 1215 1642 damnosum,
1240 1594 1356 1633 non'
1379 1592 1592 1648 possunt

203 1658 365 1713 Nobis
423 1678 525 1710 non
591 1661 881 1729 displicere.
953 1662 1336 1733 Invigilandum
1381 1664 1590 1729 quidem

203 1753 279 1791 est
328 1754 376 1791 et
420 1760 514 1810 per
547 1743 661 1792 loca
718 1744 1060 1804 tributorum,
1112 1763 1170 1795 ac
1228 1746 1588 1804 teloneorum‘,

204 1836 252 1873 et
281 1825 379 1878 alia
407 1825 614 1893 publica
642 1837 796 1876 strata
829 1825 1207 1889 observandum
1228 1863 1243 1886 ‚
1298 1844 1360 1875 ne
1411 1843 1593 1893 argen-

201 1916 308 1957 tum
337 1912 386 1955 in
423 1906 669 1958 damnum
697 1907 940 1979 Qamerae
980 1905 1256 1967 educatur,
1309 1919 1358 1956 et
1389 1911 1428 1956 si
1463 1906 1587 1973 quid

205 1987 345 2055 apud
375 1993 670 2056 quempiam
717 1993 1031 2057 reperietur,
1078 1993 1119 2039 i's
1171 1990 1473 2053 mulctetur,
1538 2000 1587 2041 et

202 2074 442 2139 puniatur
481 2073 619 2135 juxta
645 2072 950 2131 Decretum,
987 2083 1035 2120 et
1065 2070 1301 2120 Edictum
1337 2081 1584 2130 nostrum,

205 2150 296 2199 sed
331 2168 359 2200 a
393 2169 519 2201 nece
548 2164 598 2202 et
628 2156 1021 2221 interemptione
1051 2151 1410 2203 abstinendum
1463 2169 1493 2202 a
1534 2164 1585 2201 te

206 2243 283 2281 est
330 2237 574 2295 omnino,
614 2248 763 2299 atque
802 2246 1014 2302 propter
1064 2237 1376 2303 suspiciones
1419 2236 1583 2298 leves,

202 2331 533 2380 rumoresque
561 2320 878 2381 nequaquam
921 2317 1073 2367 Cives
1123 2321 1219 2384 ipsi
1281 2320 1438 2366 nostri
1479 2328 1580 2365 tur-

202 2394 395 2455 bandi,
435 2408 522 2446 aut
556 2395 935 2450 damnificandi.
1011 2400 1180 2465 Quam
1224 2397 1289 2446 ob
1337 2415 1443 2447 rem
1489 2397 1582 2447 tibi

201 2478 414 2529 firmiter
444 2482 824 2532 committimus,
865 2489 914 2527 et
936 2477 1258 2537 mandamus,
1290 2489 1344 2527 ut
1367 2495 1394 2527 a
1419 2476 1578 2526 modo

206 2557 446 2625 deinceps
476 2559 539 2608 ab
566 2559 859 2625 hujusmodi
882 2566 1070 2612 severis
1088 2561 1279 2612 actibus
1306 2561 1579 2618 abstineas,

201 2632 364 2703 neque
393 2658 505 2699 eos,
545 2645 594 2690 in
627 2641 855 2692 subditos
886 2655 1104 2704 nostr05‚
1143 2654 1191 2691 et
1219 2643 1580 2693 Serenissimac

201 2717 398 2772 Sororis
431 2733 666 2783 nostrae,
703 2734 870 2775 aut-tu
901 2741 1169 2786 excretum,
1224 2734 1307 2776 aut
1348 2723 1413 2776 ab
1468 2723 1581 2776 aliis
