1690 3016
625 202 1002 249 ‘Quem
1411 207 1512 259 309

122 324 472 383 promovere,
506 320 559 358 et
588 310 829 377 prosequi
859 305 1081 356 fideliter
1115 303 1340 355 debeatis
1390 323 1510 356 con-

121 399 261 446 tinue
305 389 622 451 assistendo,
681 401 730 439 et
784 399 961 437 contra
1014 385 1177 436 dictos
1228 381 1509 437 Feudarios

123 475 454 528 defendendo
483 486 686 538 nostrae
723 473 1011 537 Majestatis
1043 474 1093 520 in
1123 485 1373 539 persona,
1416 473 1509 516 sic-

119 576 218 628 que
249 555 547 626 praedictae
574 565 779 604 nostrae
811 564 1085 602 montanae
1126 568 1217 619 per
1267 549 1509 615 augmen-

121 652 231 693 tum
272 643 582 687 minei-arum
626 639 910 685 increscere
959 632 1267 699 videantur,
1306 627 1371 678 de
1422 647 1509 678 ve,-

122 728 324 786 straque
352 719 602 788 fidelitate
634 729 684 767 et
714 715 977 784 diligentia
1019 719 1069 764 in
1098 716 1507 782 praexnissisapo·

127 807 245 853 terit
276 814 508 851 constare
557 804 610 849 in
655 809 856 848 nostrae
885 797 1169 862 Maiestatis
1208 805 1502 862 conspectu.

128 900 274 934 secus
310 900 415 932 non
451 878 649 930 facturi.
684 879 874 929 Datum
915 881 967 926 in
1012 876 1342 943 Konigsberg
1379 873 1507 936 feria

119 969 298 1030 quinta
330 963 564 1034 proxima
609 972 727 1028 post
779 959 988 1009 Festum
1035 952 1506 1013 Purificationis‘B.

122 1047 200 1095 Μ.
230 1045 296 1094 V.
333 1045 605 1112 gloriosae.
636 1041 701 1093 A.
722 1042 931 1090 Domini
959 1039 1243 1088 Millesimo
1274 1035 1508 1104 quadrin-

115 1129 312 1193 gesimo
339 1128 534 1191 quinto·

120 1412 238 1458 1425.
272 1404 399 1446 Idem
429 1404 532 1446 Rex
560 1404 773 1457 prohibet
806 1405 931 1451 auri,
961 1412 1006 1444 et
1034 1404 1207 1455 argenti
1248 1414 1330 1457 per
1359 1391 1505 1443 extra-

223 1487 331 1514 neos
375 1477 739 1528 coemptionem,
776 1481 822 1513 et
852 1475 1151 1523 evectionem,
1190 1477 1328 1514 immo
1368 1474 1506 1512 etiam

225 1543 449 1593 indigenis
479 1550 603 1582 vetat
630 1550 844 1594 questum
883 1543 1012 1588 auri,
1056 1548 1194 1593 atque
1227 1541 1419 1592 argenti·
1439 1542 1504 1578 sic

156 1612 159 1613 ⁷
229 1610 336 1650 dicti
370 1610 531 1660 liberi,
562 1618 751 1663 excepta
769 1613 952 1651 civitate
986 1608 1325 1657 Cremnicensi‚
1361 1607 1507 1657 jubet-

227 1691 327 1730 que*
350 1677 513 1718 horum
543 1677 830 1718 metallorum
856 1678 1205 1734 liquefactiones
1226 1705 1241 1726 ,
1298 1682 1341 1719 et
1379 1689 1504 1730 sepa·

227 1747 426 1786 rationes
474 1745 760 1785 solummodo
810 1747 853 1786 in
890 1745 1046 1797 Gaza,
1104 1758 1182 1788 seu
1223 1746 1323 1786 loco
1362 1744 1506 1796 Regio.

229 1815 503 1854 auctoritate
538 1807 615 1852 ad*
638 1813 683 1853 id
712 1811 929 1868 deputato
959 1816 1127 1873 peragi.
1176 1846 1182 1851 .

186 1980 191 1985 .
252 1939 623 2003 Steismvnnvs
653 1941 749 2004 Dei
781 1939 963 1990 Gratia
995 1939 1348 1992 Romanorum
1389 1937 1502 1986 Rex

114 2036 320 2088 semper
368 2021 625 2090 Augustus
670 2034 767 2073 eet.
817 2023 1139 2090 Hungariae‚
1188 2019 1505 2084 Bohemiae,

113 2099 437 2168 Dalmatiae,
473 2103 710 2154 Croatiae
756 2115 852 2154 cet.
882 2103 997 2152 Rex
1028 2101 1265 2154 fidelibus
1314 2103 1506 2152 nostris.

112 2185 397 2247 universis,
435 2195 483 2233 et
519 2185 729 2253 singulis
759 2184 1045 2236 Comitibus
1077 2185 1387 2238 urbm-arum
1410 2199 1502 2231 no-

112 2273 329 2318 strarum
363 2266 612 2332 regalium
646 2264 711 2315 de
760 2266 1082 2330 Cremnicia‚
1132 2282 1228 2315 nee
1272 2281 1375 2314 non
1412 2261 1501 2313 Ju-

113 2342 250 2404 dici,
286 2355 336 2394 et
364 2347 539 2411 iuratis
581 2347 776 2396 civibus
803 2350 996 2414 totique
1031 2347 1385 2398 communitati
1432 2341 1503 2391 de.

109 2425 318 2479 eadem.
357 2439 463 2485 tam
490 2429 874 2496 praesentibus,
921 2444 1073 2496 quam
1117 2427 1297 2478 futuris
1355 2440 1500 2494 prae·¹

113 2512 330 2578 sentium
358 2513 592 2560 notitiam
625 2510 868 2562 habituris
897 2509 1142 2571 salutem,
1181 2521 1228 2558 et
1257 2510 1492 2574 gratiam.

110 2587 198 2643 Ad
227 2601 426 2641 nostrae
462 2594 612 2642 latius
636 2590 915 2645 deductum
944 2603 1020 2644 est
1049 2589 1358 2643 audientiam
1377 2587 1491 2640 Ma·

30 2680 35 2683 ’
109 2671 519 2738 ῇεςῐᾶῐίς,.φιοά
571 2674 901 2741 displicenter
954 2675 1318 2742 percepimu5‚
1368 2685 1496 2735 quo·

108 2750 267 2808 modo
296 2754 533 2804 nonnulli
566 2753 731 2805 forent
766 2753 1000 2805 homines
1027 2752 1256 2803 forenses
1297 2753 1493 2810 scilicet

1115 2834 1237 2900 Ua
