1690 3016
188 201 293 260 336
702 208 1078 252 mmm-nm·-

188 306 358 354 biliter
389 304 707 354 observatam
726 342 745 366 ,
780 317 835 355 ut
865 320 1103 357 monene
1137 320 1338 358 nostrae
1364 310 1560 377 regales

185 403 288 438 non
323 389 373 434 in
404 388 513 435 aliis
549 388 834 437 civitatibus
868 393 1049 438 nostris
1077 394 1347 449 montaniS,
1384 390 1475 439 sed
1509 398 1561 440 in

185 473 295 538 ipsa
334 472 534 520 civitate
567 481 740 520 nostra
772 471 1131 521 Cremniciensi
1174 470 1456 531 cudantur.‚
1511 483 1563 521 et

183 549 315 600 hanc
344 549 562 599 eandem
605 557 1014 619 praerogativam
1064 553 1131 600 ob
1177 570 1287 601 eam
1339 556 1558 602 maxime

186 649 388 681 causam
427 631 596 681 eidem
616 636 804 683 civitati
838 646 1041 684 nostrae
1057 634 1420 683 Cremniciensi
1449 651 1559 682 esse

186 713 387 771 datam,
425 725 480 762 ut
530 712 965 777 quemadmodum
1017 732 1075 764 ea
1116 726 1190 763 est
1249 719 1379 764 inter
1436 717 1560 765 alias

185 798 411 843 civitates
443 805 715 843 montanas
745 796 861 844 loco
895 807 944 845 et
963 795 1264 855 authoritate
1298 799 1556 863 primaria,

184 882 250 926 ita
278 880 429 926 etiam
460 880 665 925 cusione
697 887 1016 926 monetarum
1036 890 1317 927 nostrarum
1354 877 1555 942 dignior

182 957 452 1019 reddatur,
488 956 587 1006 hoc
606 961 756 1024 igitur
787 959 1192 1026 privilegiumet
1222 958 1352 1007 hanc
1376 961 1557 1006 immu-

182 1045 390 1091 nitatem
411 1077 427 1100 ,
464 1056 563 1105 qua
594 1044 702 1107 ipsa
733 1044 908 1090 civitas
951 1053 1125 1091 nostra
1167 1040 1554 1090 Cremniciensis

173 1139 212 1186 ,ῃ
245 1123 407 1186 divis,
444 1133 498 1170 ut
524 1125 860 1188 praemissum
897 1134 1005 1181 est,
1055 1123 1310 1191 Regibus,
1373 1125 1557 1171 nostris

177 1201 658 1270 praedecessoribus
713 1220 866 1269 super
910 1203 1030 1253 sede
1082 1216 1131 1253 et
1167 1205 1284 1253 loco
1341 1204 1558 1250 cusionis

178 1293 499 1332 monetarum
538 1293 826 1330 nostrarum
860 1295 934 1331 est
968 1282 1242 1340 decorata,
1289 1298 1382 1330 nos
1433 1297 1557 1344 quo-

181 1379 277 1425 que
308 1363 662 1411 confirmantes
688 1362 1010 1412 annuendam
1045 1358 1308 1421 duximus,
1359 1373 1407 1410 et
1437 1378 1555 1410 con-

183 1441 501 1504 cedendam,
538 1455 591 1491 ut
623 1448 751 1494 sicut
776 1443 1052 1503 hactenus,
1089 1448 1154 1492 ita
1187 1449 1337 1492 etiam
1383 1447 1433 1491 in
1465 1461 1555 1510 po-

183 1536 367 1573 sterum
407 1535 644 1574 monetae
675 1537 877 1575 nostrae
909 1543 1011 1574 non
1042 1529 1091 1573 in
1128 1527 1238 1579 aliis
1269 1517 1554 1575 civitatibus

183 1608 367 1654 nostris
396 1609 682 1665 montanis,
718 1622 870 1671 quam
900 1611 953 1655 in
983 1610 1091 1673 ipsa
1133 1610 1333 1656 civitate
1382 1617 1553 1655 nostra

185 1688 549 1738 Cremniciensi
579 1687 859 1750 endantur,
897 1700 946 1738 et
975 1687 1188 1738 Camera
1229 1699 1400 1737 nostra
1444 1705 1552 1736 mo-

182 1775 372 1821 netaria
413 1770 512 1826 ibi,
550 1782 600 1820 et
629 1787 732 1820 non
760 1770 880 1820 alibi
908 1769 1182 1828 habeatur,
1222 1769 1376 1818 salvis
1430 1768 1551 1816 alia-

184 1869 297 1902 rum
326 1855 588 1902 civitatum
629 1863 912 1900 nostrarum
937 1851 1148 1916 juribus,
1185 1853 1342 1899 immo
1370 1850 1550 1898 confir·

179 1950 413 1994 mamm,
448 1937 841 1999 annuimusque,
893 1945 944 1982 et
996 1930 1323 1982 concedimus
1362 1930 1546 1980 harum

185 2028 469 2066 nostrarum
502 2021 708 2083 vigore,
744 2027 794 2064 et
818 2018 1109 2064 testimonio
1150 2015 1408 2073 literarum
1443 2029 1547 2061 me-

186 2099 374 2151 diante.
444 2100 636 2149 Datum
671 2095 847 2147 Budae
878 2101 930 2146 in
959 2096 1087 2146 festo
1130 2096 1315 2144 Beatae
1359 2094 1547 2142 Luciae

181 2181 438 2249 Virginis,
472 2190 522 2229 et
547 2181 791 2246 Martyris
823 2177 973 2228 Anno
1014 2179 1221 2228 Domini
1263 2175 1544 2227 Millesimo

181 2265 599 2333 Quingentesimo
643 2259 902 2332 vigesimo
938 2262 1145 2331 Quinto·

1402 2839 1545 2891 XIX.
