1690 3016
178 175 278 233 306
689 177 1074 230 nwem-

180 290 343 336 tiones
383 295 592 354 petere,
629 292 679 331 et
712 287 972 350 recipere,
1028 288 1266 351 ipsosque
1302 283 1559 351 judicare,

175 379 226 417 et
253 379 422 418 vestro
451 366 654 416 adstare
689 363 946 414 Judicatui
990 369 1307 425 niteremini,
1345 367 1558 420 evveli-

178 454 259 499 tis.
332 448 484 498 Unde
522 464 636 496 cum
665 447 771 497 Nos
794 446 1002 496 eosdem
1030 437 1229 498 nostros
1243 445 1560 503 Monetarios

180 543 354 580 contra
415 527 710 594 hujusmodi
768 546 943 598 eorum
1000 529 1260 579 libertates
1294 531 1561 599 >impedire

176 625 282 660 non
320 611 560 660 volumus
582 646 599 671 ‚
632 626 794 674 neque
827 609 1218 674 quomodolibet
1261 628 1561 679 aggravare,

178 696 331 760 igitur
357 690 616 755 Fidelitati
650 690 879 752 vestrae,
918 703 966 740 et
998 691 1448 744 cuilibetvestrum
1482 695 1562 742 fir-

176 778 401 824 missime
454 776 830 842 praecipimUS‚
904 772 1171 840 Regioque
1228 775 1319 823 sub
1375 773 1560 824 Edicto

178 859 386 905 omnino
426 856 659 904 volentes
683 896 698 918 ‚
735 865 978 919 quatenus
1025 873 1053 904 a
1092 854 1334 924 praefatis
1375 859 1559 905 nostris

175 938 477 985 Monetariis
520 936 685 985 nullas
729 934 932 996 Taxas,
985 948 1069 1008 qut
1113 938 1238 987 alias
1282 939 1555 986 solutiones

176 1035 328 1086 super
364 1036 450 1067 eos
487 1015 878 1083 quomodolibet
911 1018 1240 1085 imponendis
1259 1005 1558 1086 petere‚-po-

173 1099 392 1163 stultam,
432 1110 480 1147 et
507 1103 742 1166 exigere,
797 1115 856 1147 ac
911 1102 1144 1167 recipere
1189 1102 1556 1168 praesuinati5‚

175 1181 265 1232 sed
294 1185 429 1249 ipsos
465 1199 524 1230 ao
556 1179 765 1230 eosdem
796 1183 936 1246 juxta
999 1186 1329 1249 praemissam
1380 1198 1556 1230 eorum

171 1265 461 1314 libertatem
492 1262 717 1320 liberos,
770 1274 820 1311 et
869 1274 1134 1330 exemptos
1182 1267 1386 1330 penitus
1433 1259 1558 1310 rela-

171 1340 362 1407 xando,
376 1343 440 1393 de
458 1341 852 1391 haereditatibus
874 1354 1042 1390 tamen
1068 1347 1294 1410 ipsorum
1314 1343 1554 1391 collectas

172 1435 555 1483 consuetasffiet
597 1439 774 1471 census
814 1439 1094 1489 congruos,
1134 1427 1259 1473 sicut
1302 1425 1387 1472 alii
1433 1439 1552 1471 con·

173 1511 310 1555 cives
346 1509 497 1559 vestri
525 1506 661 1552 licite
693 1495 931 1567 solvere,
981 1515 1030 1551 et
1067 1503 1421 1552 administrare
1465 1502 1550 1552 de-

168 1591 351 1650 beant,
390 1598 440 1636 et
471 1596 742 1645 tenentur3
780 1575 1061 1649 dequibus
1114 1589 1251 1652 ipsos
1312 1589 1550 1652 excipere

168 1672 412 1721 nolumus
434 1705 450 1728 ‚
488 1683 652 1731 neque
679 1678 998 1732 supportare.
1072 1667 1122 1716 Si
1151 1671 1234 1731 qui
1285 1670 1420 1715 enim
1452 1683 1551 1716 ve·

169 1765 327 1802 strum
371 1759 545 1802 contra
575 1744 782 1800 eosdem
839 1748 1155 1809 Monetarios
1194 1755 1427 1804 nostros,
1464 1757 1548 1794 aut

169 1833 387 1896 aliquem
419 1834 647 1897 ipsorum
678 1827 923 1892 quidquid
962 1833 1173 1878 actionis
1194 1865 1209 1887 ‚
1244 1828 1329 1877 vel
1363 1845 1543 1878 causae

168 1913 407 1971 haberet,
443 1922 526 1959 aut
564 1910 860 1967 habuerint,
902 1909 951 1957 hi
988 1908 1143 1958 iidem
1183 1926 1351 1959 eoram
1383 1912 1545 1975 MaJe-

170 2006 294 2045 state
324 1993 543 2052 Nostra,
580 2004 665 2040 aut
697 1990 982 2039 Comitibus
1021 1993 1424 2040 Monetariorum
1459 2008 1546 2039 no·

170 2087 386 2123 strorum
413 2072 660 2138 judicium
695 2082 1066 2135 consequantur
1091 2074 1228 2136 juxta
1256 2071 1543 2133 libertatem

168 2157 579 2205 Monetariorum
595 2164 882 2202 nostrorum
906 2152 1266 2221 praefatorum.
1305 2153 1375 2200 Ex
1399 2162 1544 2219 parte

166 2253 382 2302 quorum
414 2253 506 2303 per
524 2235 648 2295 Nos,
671 2246 756 2283 aut
787 2232 950 2282 dictos
973 2233 1194 2282 Comites
1223 2243 1422 2282 nostros
1442 2236 1545 2281 cui·

165 2319 288 2368 libet
313 2318 599 2383 querulanti
626 2318 753 2364 moti
784 2318 939 2380 juris,
978 2317 1196 2379 justitiae
1227 2312 1545 2375 exhibebitur

165 2380 623 2467 complementum.
661 2398 812 2445 Secus
847 2400 997 2463 igitur
1030 2400 1081 2444 in
1110 2398 1401 2464 praemissis
1447 2395 1538 2445 sub

165 2484 378 2532 obtentu
394 2482 604 2531 Gratiae
628 2479 845 2528 Nostrae
864 2479 1149 2526 nullatenus
1172 2476 1365 2528 facturi,
1393 2477 1541 2526 Prae-

165 2577 331 2612 sentes
359 2569 566 2630 insuper
609 2573 723 2629 post
763 2562 1011 2609 lecturam
1057 2576 1259 2626 semper
1306 2560 1540 2624 jubemus

166 2643 312 2691 reddi
341 2647 700 2710 praesentanti.
739 2643 927 2690 Datum
957 2640 1254 2707 Tyrnaviae
1294 2644 1344 2690 in
1386 2643 1539 2692 Festo

163 2724 305 2774 Beati
332 2725 537 2774 Antonii
553 2723 883 2776 confessoris,
903 2721 1052 2773 Anno
1067 2723 1274 2772 Domini
1311 2733 1455 2776 1401.
1480 2721 1540 2786 ³⁶)
