1690 3016
206 197 221 221 ⁸
566 214 943 275 «διο-βοαί»-
1328 221 1459 285 ‘3¹7

42 327 48 332 ’
78 327 303 394 suscepit
346 321 569 385 damna,
603 332 651 371 et
687 318 1016 371 incommoda
1056 318 1245 370 multa:
1281 318 1462 369 volen-

77 423 154 462 tes
201 425 322 476 ergo
364 408 818 471 circumspectione
879 400 1082 462 debita,
1126 400 1461 467 quemadmo⁴

80 491 203 542 dum
234 493 393 549 nostri
425 487 633 564 Regalis
668 483 822 535 officii
858 482 1087 536 debitum
1117 495 1220 544 est,
1256 483 1462 533 utilitati

31 597 36 601 ·
81 571 418 641 Reipublicae
466 581 668 620 nostrae
717 568 1017 626 consulere,
1085 570 1216 616 inter
1268 578 1461 616 ceteras

82 653 329 731 providas
372 650 752 708 ordinationes,
789 666 911 714 quas
954 665 1118 720 nQer
1148 652 1199 698 in
1237 648 1463 716 Congre-

82 739 287 806 gatione
311 733 557 784 Generali
590 732 970 795 praelatorum,
1006 732 1384 796 Dominorum‚
1410 743 1460 783 et

82 819 349 868 Nobilium
386 815 510 864 dicti
545 818 703 864 nostri
731 813 895 880 Regni
932 813 1222 880 Hungariae
1258 813 1463 863 Posonii

87 900 374 955 celebrata,
407 914 503 965 pro
533 893 896 944 conservandis
919 911 1047 962 pace
1074 893 1274 962 Regni,
1306 906 1355 944 et
1372 907 1469 947 sta-

81 995 135 1033 tu
170 981 365 1048 Regio,
405 996 465 1028 ac
507 975 829 1046 procuranda
873 978 1088 1026 utilitate
1127 975 1465 1042 Reipublicae
1507 1032 1509 1034 ,

81 1064 296 1113 fecimus
335 1059 399 1109 de
432 1059 677 1114 consilin,
716 1075 1000 1121 consensu,
1038 1070 1087 1106 ct
1128 1059 1462 1110 collaudatio·

83 1162 149 1195 ne
182 1148 405 1212 ipsorum
438 1141 785 1190 praelatorum
805 1177 820 1197 ,
857 1139 1118 1190 Baronum
1139 1145 1179 1197 ,”
1210 1152 1260 1190 et
1308 1141 1465 1192 Nobi-

83 1225 207 1276 lium
252 1226 414 1291 Regni
457 1226 633 1277 nostri,
674 1236 835 1270 novas
892 1234 1123 1270 monetas
1160 1226 1210 1272 in
1239 1240 1372 1287 una,
1408 1236 1462 1273 et
1536 1254 1539 1257 -

84 1306 266 1358 eadem
300 1308 434 1373 liga,
476 1309 525 1354 in
556 1304 866 1370 quibuslibet
898 1303 1122 1355 Cameris
1146 1306 1268 1357 dicti
1300 1307 1465 1374 Regni

85 1392 244 1440 nostri
274 1388 563 1454 Hungariae
588 1423 603 1438 ,
642 1385 733 1433 sub
759 1383 918 1442 modo
946 1396 997 1434 et
1018 1384 1180 1434 forma
1199 1425 1214 1445 ,
1250 1405 1310 1436 ac
1347 1406 1469 1437 con-

84 1470 394 1528 ditionibus,
431 1481 480 1517 et
509 1468 768 1528 articulis,
805 1470 856 1514 in
886 1466 1072 1516 Literis
1107 1486 1199 1535 pro
1233 1469 1467 1529 Gemite,

86 1564 135 1601 et
168 1552 460 1600 Camerario
490 1549 883 1611 uniuscujusque
914 1546 1160 1598 Gamerae
1191 1550 1321 1600 datis
1340 1589 1355 1609 ,
1385 1570 1466 1600 ex·

81 1637 269 1703 pressis
299 1631 520 1681 eundem
547 1628 896 1678 decrevimus&
938 1633 1097 1679 immo
1138 1631 1461 1683 decernimus

81 1718 425 1787 praesentium
468 1727 561 1778 per
608 1713 872 1775 vigorem,
919 1722 1093 1760 nostro
1137 1713 1462 1781 beneplacito

80 1797 413 1868 perdurante.
482 1793 543 1840 Et
569 1794 705 1855 'quia
745 1788 952 1840 fidelem
990 1804 1220 1843 nostrum
1260 1797 1462 1864 Magni-

84 1881 235 1929 ficum
276 1871 569 1925 Conradum
614 1872 801 1921 Hezler
849 1873 1155 1939 Magistrum
1200 1877 1465 1929 Hubarum

80 1962 306 2012 Ducatus
339 1959 495 2007 nostri
530 1955 796 2013 Austriae,
836 1958 1185 2006 consentiente
1213 1957 1352 2007 fideli
1376 1977 1467 2008 no-

86 2055 189 2093 stro
225 2040 508 2106 Magnifice
538 2034 771 2097 Johanne
804 2034 993 2106 Giskra
1035 2037 1339 2090 Consiliario
1379 2058 1468 2090 no-

11 2136 19 2149 ·
83 2139 222 2186 stro,
261 2127 341 2172 cui
376 2121 474 2170 hoc
499 2135 632 2168 anno
667 2130 948 2184 proventus
989 2118 1232 2169 Camerae
1262 2134 1466 2172 nostrae

83 2205 474 2256 Cremniciensis
520 2218 616 2268 pro
667 2216 755 2250 suo
803 2200 997 2249 Salario
1041 2199 1378 2269 deputamus,
1416 2207 1468 2253 in

84 2287 339 2338 Comitem
379 2284 731 2340 urburarium‚
780 2291 829 2329 et
878 2285 1093 2331 cusionis
1143 2295 1464 2334 monetarum

84 2381 368 2421 nostrarum
411 2365 580 2415 dictae
640 2362 889 2413 Camerae
915 2362 1366 2426 ‚Cremniciensis‚
1415 2372 1470 2419 in

84 2468 184 2518 qua
210 2462 420 2514 utraque
453 2456 660 2495 moneta
707 2455 906 2500 nostra,
942 2455 1043 2493 tam
1090 2452 1197 2495 auri
1230 2449 1427 2498 scilicet
1450 2487 1468 2509 ‚

85 2548 236 2599 quam
286 2533 482 2597 argenti
525 2527 642 2577 cudi
691 2531 986 2588 consuevit,
1023 2532 1201 2596 vigore
1252 2531 1468 2589 aliarum

87 2617 348 2666 literarum
381 2623 666 2662 nostrarum
699 2611 1067 2678 praefecimus,
1110 2628 1203 2679 per
1232 2629 1380 2672 eum,
1417 2625 1471 2664 et

88 2708 318 2758 ceteros,
365 2711 491 2760 quos
536 2692 634 2741 hoc
678 2694 938 2758 negotium
978 2696 1171 2759 tangit,
1224 2695 1466 2747 articulos

86 2777 221 2829 infra
247 2781 462 2846 scriptos
497 2775 772 2839 volumus,
803 2786 854 2825 et
888 2773 1237 2838 decernimus,
1266 2788 1321 2827 ut
1352 2780 1467 2835 Mo·
