1690 3016
597 199 969 247 mcc-ww·-
1368 202 1384 236 1
1396 200 1456 253 73

97 304 305 374 g'iobum
331 317 478 350 cruce
507 296 828 369 Patriarch'aii
862 300 1189 364 conspicuum
1223 298 1459 343 tenentis:

97 392 150 441 in
187 398 367 432 aversa
395 393 468 431 est
494 387 608 432 icon
639 383 890 447 Deipa-rae
923 388 1229 434 coronatae,
1271 374 1463 425 nimba-

23 520 25 524 ,
100 463 215 526 tae,
256 462 407 512 radiis
436 460 656 526 undique
700 459 1066 519 circumfusae,
1102 456 1354 515 sedentis,
1402 471 1462 503 ac

103 546 280 595 dextra
309 546 522 593 tenentis
546 553 835 610 sceptrum,
873 543 1075 589 sinistra
1118 537 1342 588 Jesulum
1381 553 1464 604 ge-

103 637 298 676 rentem
327 626 536 691 globum
567 628 896 690 crucigerum.
938 622 1038 670 Sub
1070 618 1285 688 pedibus
1324 619 1464 682 luna,

103 706 234 756 infra
265 706 396 756 hanc
422 716 495 754 est
517 699 748 773 parmula
776 703 1023 753 Austriae.
1094 702 1284 751 Ceteris
1299 703 1464 751 aureis

101 792 258 838 rarior
285 800 357 837 est
393 786 723 849 Nagybaniae
761 786 900 845 1614.
939 789 1160 853 signatus
1199 800 1316 835 cum
1362 779 1468 830 effi-

36 931 41 935 ,
103 873 184 935 gie
207 873 363 918 sancti
388 868 622 916 Ladislai
651 866 931 934 descriptus
954 870 1006 915 in
1037 867 1199 913 Notit.
1254 881 1308 931 p.
1351 871 1466 919 380.

105 967 155 1000 n·
189 961 235 1004 8.
270 952 556 1014 Argenteae
597 950 811 994 unciales
853 955 1079 994 monetae
1127 950 1193 995 ita
1247 944 1469 998 habent}

106 1046 343 1084 MATnu.
379 1044 436 1079 ιι.
472 1046 523 1080 D.
555 1048 603 1079 o.
634 1026 754 1078 REx‘.
791 1044 916 1078 nvn.
945 1046 1023 1077 zc.
1054 1042 1224 1078 nEsm.
1265 1043 1470 1078 mnne.

106 1131 190 1163 Βο.
220 1117 271 1162 in
300 1115 398 1161 fine
434 1111 583 1176 hujus
613 1114 951 1177 inscriptionis
979 1114 1196 1159 occurrit
1237 1108 1474 1158 icuncula

104 1196 356 1244 Mariana.
423 1194 481 1241 In
530 1209 645 1240 area
696 1192 849 1240 Numi
896 1203 970 1241 est
1029 1191 1265 1247 Protome
1315 1191 1468 1258 Regis

108 1272 394 1323 diademate
428 1272 736 1338 hungarico,
785 1270 1190 1339 dependentibus
1226 1271 1470 1319 catenulis

107 1358 416 1423 conspicuo,
457 1356 712 1412 coronati,
749 1350 814 1400 ad
842 1353 1044 1401 laevam
1075 1355 1334 1415 conversi,
1382 1368 1472 1418 pa-

107 1435 298 1497 ludati,
336 1435 561 1494 loricati,
609 1450 723 1483 cum
778 1435 881 1484 lato
935 1433 1112 1482 collari
1165 1432 1467 1500 hispanico,

106 1512 259 1565 etad
303 1526 478 1582 pectus
531 1531 645 1563 cum
691 1531 845 1563 aureo
895 1515 1106 1564 vellere.
1159 1517 1216 1564 In
1256 1531 1474 1563 aversa:

108 1612 325 1648 Ancum.
358 1611 468 1644 Avs.
505 1611 612 1644 Dvx
638 1612 758 1645 nvn.
790 1610 924 1644 MAR.
955 1612 1053 1646 Mo,
1082 1613 1157 1645 co.
1178 1591 1298 1646 rim.
1326 1600 1470 1647 1610.

108 1681 313 1729 Scutum
346 1691 531 1724 corona
558 1674 828 1741 hungarica
860 1687 1176 1741 coronatum,
1201 1694 1260 1726 ac
1290 1687 1467 1740 torque

108 1762 243 1808 aurei
283 1758 488 1807 velleris
523 1752 920 1814 circumdatum,
958 1759 1010 1804 in
1043 1773 1141 1820 quo
1164 1767 1307 1811 „sunt
1348 1758 1472 1805 Insi-

109 1844 226 1906 gnia
253 1839 420 1903 Hung.
460 1836 589 1886 Boh.
642 1837 813 1885 Dalm.
860 1838 1066 1885 Morav.
1112 1847 1159 1884 et
1206 1839 1256 1884 in
1296 1834 1470 1884 medio

107 1921 339 1990 parmula
372 1918 628 1968 Austriae:
667 1918 862 1985 Siglae:
913 1917 977 1967 K.
1011 1918 1069 1967 B.
1128 1916 1294 1966 Anno.
1321 1917 1468 1981 hujus

108 2006 422 2054 numismatis
458 2003 596 2065 1610.
635 2003 752 2049 inita
782 2000 874 2048 fuit
912 1996 1315 2063 ratio-quaedam
1353 2015 1471 2048 con-

113 2084 312 2145 cordiae
355 2087 484 2132 inter
522 2081 700 2130 fratres
731 2081 858 2147 Imp.
890 2079 1226 2148 Rudolphum
1256 2091 1305 2128 et
1338 2080 1475 2128 Mat·

110 2165 264 2215 thiam
298 2165 524 2230 Regem,
562 2166 768 2211 minime
818 2172 986 2211 tamen
1036 2160 1299 2220 diuturna3
1353 2177 1470 2209 nam

111 2245 326 2295 tumultu
370 2243 676 2295 Passaviensi
737 2254 942 2307 exorto,
1009 2242 1255 2293 Matthias
1307 2241 1471 2290 Bobe-

111 2331 584 2395 miamingressus,
633 2323 1001 2392 Rudolphum‚
1048 2335 1102 2373 ut
1137 2323 1266 2373 hanc
1318 2326 1474 2383 etiam¹

113 2409 204 2459 sibi
241 2411 387 2458 vivus
419 2408 648 2468 cederet,
688 2410 867 2473 coegit.
939 2405 1020 2455 Ab
1045 2422 1176 2456 anno
1235 2395 1377 2457 ⁴1612.
1413 2409 1479 2454 ti·->

112 2491 245 2540 tulos
279 2493 331 2540 in
354 2489 530 2540 Numis
576 2489 756 2540 habet:
810 2503 1048 2538 mmmm
1102 2503 1156 2536 n.
1189 2504 1234 2536 G.
1281 2503 1330 2535 R.
1358 2502 1395 2537 1.
1419 2504 1470 2551 s.

115 2588 163 2623 Δ.
190 2588 236 2620 a.
266 2588 317 2619 n.
335 2563 420 2621 ¹130.
451 2587 568 2622 max.
598 2587 713 2620 Anc-
747 2586 828 2620 Av.
863 2586 950 2619 Dv.
979 2586 1064 2618 nv.
1106 2583 1208 2619 MA.
1250 2584 1347 2616 Μο.
1390 2584 1470 2617 co.

116 2669 233 2705 TYR.
269 2651 368 2702 Sed
394 2651 516 2703 haec
557 2663 606 2701 et
632 2652 727 2702 alia
762 2648 869 2701 vid.
904 2654 993 2700 cit.
1036 2651 1205 2700 Catal.
1249 2666 1318 2712 p...
1359 2646 1470 2718 156.

53 2754 60 2758 ·
115 2749 241 2799 seqq.
270 2743 319 2783 et
350 2735 513 2785 Notit.
533 2751 588 2803 p.
625 2748 899 2802 3722seqq·
1077 2751 1080 2754 ·
