1690 3016
1294 144 1315 152 un-

584 186 960 230 *mom
1359 193 1458 243 349

73 290 181 340 fieri
225 279 462 357 patiaris:
500 286 555 338 id
583 291 732 337 ,enim
776 303 1096 353 nequaquam
1142 288 1233 338 tibi
1277 286 1459 338 admit·

74 382 181 420 tere
212 375 479 439 patiemur.
554 369 798 437 Captivos
825 374 1009 435 etiam,
1046 373 1131 435 qui
1175 380 1289 420 sunt
1318 369 1458 436 apud

72 451 326 503 Joannem
353 451 696 519 Dubowczky
734 463 822 501 tuo
853 455 994 517 jussu
1039 450 1274 516 detenti,
1340 468 1466 522 cum

66 537 296 600 pecuniis
319 549 528 593 eorum,
557 551 687 600 quae
716 536 780 584 ab
812 540 883 586 eis
913 533 1059 585 isthic
1089 536 1290 586 ablatae
1306 548 1419 585 sunt
1437 522 1463 596 '.

74 612 142 663 ad
177 618 464 665 cautionem
495 615 865 682 fidejussoriam
886 655 902 678 ‚
950 617 1088 684 quod
1121 635 1173 667 se
1203 618 1266 668 ab
1301 622 1460 686 suspi-

76 700 223 747 cione
260 701 540 765 praemissa
576 700 966 767 expurgabunt‚
1017 698 1203 750 dimitti
1243 705 1455 750 omnino

73 778 262 829 facias.·
316 780 378 829 Et
412 783 464 829 in
498 780 890 844 observatione,
939 794 1087 847 atque
1121 781 1351 832 custodia
1377 799 1456 832 ar-

70 864 238 928 genti,
276 879 341 910 ne
370 878 463 930 per
503 867 795 931 quempiam
839 863 987 912 educi
1018 868 1213 931 possit,
1261 868 1361 925 ita,
1397 877 1455 915 ut

71 949 459 1011 praemisimus,
491 936 760 1015 probedas.
833 948 1076 1013 Ipsosque
1104 945 1334 998 subditos
1358 934 1458 997 'no-

70 1037 199 1075 stros
245 1038 294 1076 et
322 1027 680 1076 Serenissimae
714 1028 908 1077 Sororis
956 1039 1159 1078 nostrae
1203 1028 1452 1080 defendas

67 1111 270 1176 potius,
308 1113 378 1158 uti
421 1108 576 1169 fides,
633 1121 682 1159 et
730 1108 957 1159 officium
1015 1121 1156 1159 tuum
1216 1116 1455 1177 requirit,

70 1206 222 1254 quam
260 1202 343 1241 aut
371 1203 422 1240 tu
453 1191 678 1241 indebite
713 1195 1007 1260 opprimas,
1061 1204 1146 1242 aut
1188 1210 1282 1260 per
1325 1193 1454 1246 alios

65 1275 289 1339 opprimi
356 1276 581 1340 patiaris.
664 1273 795 1322 Nam
853 1274 1081 1339 alioquin
1140 1272 1306 1324 certus
1353 1280 1454 1336 sis,

64 1353 205 1419 quod
233 1353 287 1404 id
322 1372 350 1403 a
389 1366 437 1404 te
475 1357 585 1406 fieri
623 1373 724 1405 non
756 1359 1024 1423 patiemur.
1095 1355 1254 1405 Aliud
1299 1361 1452 1424 igitur

64 1451 128 1483 ne
191 1435 392 1486 feceris.
479 1436 834 1487 Praesentibus
875 1436 1133 1504 'perlectis
1191 1435 1449 1488 exhibenti

67 1519 323 1567 restitutis.
394 1518 587 1568 Datum
619 1519 814 1585 Pragae
864 1517 1066 1568 decima
1106 1529 1287 1568 octava
1327 1517 1452 1570 Julii

66 1596 220 1646 Anno
257 1598 468 1648 Domini
508 1600 794 1648 Millesimo
840 1600 1266 1667 Quingentesimo
1326 1619 1450 1668 qua-

61 1677 350 1747 dragesimo
392 1690 589 1744 quarto.

607 1802 609 1804 ’
644 1837 862 1888 ΧΧνΠ.

57 1970 229 2013 Eodem
260 1982 378 2010 anno
416 1970 531 2009 aliae
575 1968 777 2019 ejusdem
821 1969 959 2023 Regis
1005 1966 1228 2023 Literae‚'
1271 1974 1439 2027 quibu·

165 2043 431 2100 prohibetur
460 2047 625 2085 civium
656 2053 972 2085 mont-’marum
1016 2046 1204 2086 vexatio
1226 2061 1232 2066 ·
1258 2056 1443 2100 propter

92 2147 95 2150 .
164 2113 287 2153 leves
332 2114 614 2167 suspiciones
659 2111 914 2154 eductionis
948 2115 1119 2166 argenti
1151 2126 1243 2154 non
1271 2116 1401 2171 cusi.v

191 2239 584 2291 Fanniumovs
618 2235 718 2287 διο.
755 2238 882 2286 utin
907 2239 1137 2299 praeced.
1177 2237 1439 2293 Fidelibus

41 2324 234 2376 ‚nostris
265 2322 479 2388 egregiis
502 2318 943 2378 RobertovHaller
988 2316 1052 2366 de
1096 2318 1438 2384 Hallerstein‚

53 2402 283 2470 Georgio
321 2401 521 2452 Croaco
546 2401 850 2462 Secretario,
869 2400 1199 2461 consiliariis,
1223 2412 1273 2453 et
1287 2401 1440 2452 Com·

50 2487 297 2535 missariis
319 2521 334 2544 ,
397 2502 490 2535 nec
556 2501 660 2533 non
722 2482 1005 2533 Baithasari
1068 2481 1436 2535 Himmelreich

50 2565 523 2616 vice-Camerario
558 2561 919 2614 Serenissimae
969 2562 1217 2632 Principis
1260 2565 1439 2616 Domi·

54 2664 151 2698 nae
183 2648 410 2698 ΜΑΒιΑΕ
440 2648 701 2714 Reginae,
738 2647 932 2697 Sororis
961 2658 1164 2696 nostrae
1209 2646 1437 2699 charissi-

51 2744 167 2780 mae.
187 2766 204 2793 ‚
243 2727 571 2780 Cremniciae
599 2731 915 2793 constitutis,
953 2727 1197 2794 Salutem,
1228 2740 1278 2779 et
1305 2728 1436 2781 Gra·
