1644 3022
188 167 247 211 60
669 166 1055 223 -ooeem‘

190 271 545 326 desinentibus.
582 275 738 328 Partis
757 271 968 331 'aversae
994 291 1224 330 constans
1267 282 1520 352 inscriptio

192 366 266 403 est
301 355 328 411 †
355 371 590 406 mvnvs
630 373 763 419 unx,
797 364 847 410 in
879 360 1164 429 peripheria
1196 362 1386 414 circuli*
1417 379 1524 412 cru-

193 451 302 484 cem
344 450 630 487 consuetam
661 451 711 489 et
743 452 952 505 quatuor
979 442 1224 508 triangula
1267 440 1530 492 includen-

189 519 267 565 tis.
337 515 415 565 Ob
447 518 575 567 hanc
607 523 758 586 partis
781 537 988 572 aversae
1023 524 1399 588 inscriptionem
1430 525 1533 571 exi·

195 601 390 648 stimant
417 600 643 650 nonnulli
677 618 849 652 omncs
874 601 1082 671 idgenus
1112 601 1342 651 numulos
1391 602 1533 650 Golo-

193 681 323 724 mam'
347 678 436 726 sub
486 691 655 729 sancto
691 683 928 730 Ladislao
974 683 1121 734 fuisse
1166 697 1340 741 cusos,
1384 692 1534 746 atque

192 751 308 807 ideo
340 758 619 827 affirmant,
661 764 972 814 Colomanum
997 766 1146 815 fuisse
1193 780 1222 812 a
1269 762 1320 812 S.
1367 763 1535 809 Ludis·
1566 763 1570 766 ’

194 841 286 887 Iao*
310 846 361 890 in
405 842 578 910 Regni
619 851 922 896 consortium
972 845 1276 907 admissum,
1328 847 1536 911 ipsoque

194 925 398 972 vivente
430 935 756 986 coronatum,
794 939 841 976 et
871 945 962 994 pro
987 930 1184 992 juniore
1224 928 1360 994 Rege
1403 925 1541 974 habi-

196 1013 333 1061 tum,
370 995 568 1054 tam'etsi
601 1008 739 1055 nulla
793 1007 937 1071 hujus
982 1011 1053 1056 rei
1097 1010 1339 1056 memoria
1381 1015 1544 1054 exstet

197 1082 332 1151 apud
371 1086 646 1154 Scriptores
687 1104 918 1148 coaevos,
953 1090 1040 1139 vel
1071 1100 1233 1140 aetate
1267 1092 1543 1156 proximos,

198 1167 353 1213 immo
379 1166 498 1218 licet
527 1166 641 1217 huic
701 1174 972 1219 sententiae
1012 1174 1183 1220 omnia
1222 1171 1319 1218 alia
1371 1183 1549 1218 monu-

199 1258 366 1294 menta
422 1246 679 1298 adversari
732 1248 1013 1300 videantur.
1083 1251 1274 1300 Verum
1317 1250 1401 1298 alii
1436 1264 1557 1296 cen-f

202 1338 342 1391 sent,
378 1328 465 1377 has
505 1332 761 1377 Colomani
790 1342 1016 1381 monetas
1034 1330 1185 1380 fuisse
1215 1339 1330 1397 post
1355 1328 1550 1376 obitum
1595 1390 1603 1398 ο

206 1406 254 1456 S.
292 1406 516 1456 Ladislai
546 1413 791 1475 signatas,
841 1429 1123 1477 nomenque
1169 1425 1405 1460 LADLAvs
1449 1422 1553 1454 nx

203 1501 449 1539 retentum
478 1490 628 1540 fuisse
673 1509 766 1559 pro
799 1497 1124 1561 inscriptione
1145 1496 1299 1561 partis
1326 1505 1552 1548 aversae,

204 1574 254 1618 in
299 1571 468 1619 locum
529 1574 763 1622 vocabuli
816 1577 1103 1622 Pannoniae
1153 1584 1296 1623 antea
1338 1569 1553 1637 {usitath

204 1655 390 1716 partim
434 1649 500 1700 ad
543 1654 935 1704 conservandam
988 1659 1112 1705 tanti
1165 1655 1316 1721 Regis
1366 1667 1556 1700 memo-

205 1735 351 1794 riam,
387 1738 571 1799 partim
606 1751 747 1794 vern,
767 1739 879 1800 quia
901 1735 955 1784 id
978 1752 1007 1785 a
1028 1737 1321 1784 Monetariis
1347 1737 1449 1798 Jam
1465 1731 1555 1779 sub

211 1813 261 1857 S.
290 1812 527 1860 Ladislao
558 1816 664 1863 fieri
686 1820 865 1884 coepit.
903 1816 971 1865 Ut
990 1815 1109 1880 quid
1135 1820 1287 1877 enim,
1314 1815 1559 1878 inquiunt,

210 1897 260 1942 in
298 1896 528 1945 omnibus
572 1897 827 1944 colomani
864 1900 1056 1955 numis,
1091 1905 1332 1959 quotquot
1369 1892 1433 1941 ad
1474 1907 1562 1940 no-

211 1986 363 2023 stram
405 1986 620 2024 aetatem
659 1986 1032 2043 pervenerunt,
1067 1986 1350 2024 constanter
1388 1978 1438 2022 in
1481 1988 1564 2019 an·

213 2060 310 2104 tica
332 2092 346 2113 ‚
384 2072 469 2103 seu
503 2056 589 2107 illa
616 2067 790 2122 parte,
827 2073 951 2119 quae
1003 2055 1190 2104 circulo
1236 2053 1457 2103 corollae
1495 2054 1567 2098 in-

216 2148 314 2185 star
354 2138 616 2204 granulato
661 2135 958 2199 decoratur,
1024 2136 1306 2186 inscribitur
1351 2145 1565 2183 cALMAu

221 2235 323 2266 ssEx
361 2220 447 2266 vel
500 2234 844 2269 convmmmvs
903 2233 1033 2275 anx,
1087 2233 1286 2282 semper
1341 2231 1465 2265 vero
1517 2215 1569 2261 in

218 2315 391 2347 aversa
430 2311 620 2349 tantum
648 2299 1152 2366 occurritepigraphe
1185 2312 1412 2347 LAnLAvs
1439 2290 1567 2349 anx?

223 2382 324 2430 Cur
350 2387 500 2430 etiam
535 2386 585 2430 in
619 2381 715 2430 iilis
749 2386 943 2440 numis,
980 2386 1062 2445 qui
1091 2379 1254 2447 Caput
1278 2387 1572 2429 coronatum

227 2464 494 2525 exhibent,
546 2466 676 2511 circa
720 2461 773 2510 id
817 2464 1044 2525 Calmmr,
1100 2463 1310 2508 Ladmus
1358 2473 1481 2506 vero
1525 2458 1578 2504 in

228 2558 400 2590 aversa
424 2553 616 2592 tantum
649 2543 859 2608 legitur,
892 2546 983 2591 nisi
1006 2551 1271 2609 propterca
1291 2574 1307 2596 ‚
1341 2534 1479 2602 quod
1505 2532 1578 2582 idq

230 2639 382 2687 genus
419 2628 556 2675 numi
590 2641 691 2678 non
729 2626 817 2673 sub
849 2629 899 2673 δ.
942 2625 1188 2677 Δαάίείαο,
1226 2618 1316 2671 sed
1347 2619 1408 2673 ab
1435 2617 1579 2679 hujus.

233 2705 367 2753 obitu
410 2705 498 2756 sub
563 2705 828 2763 Commeat>
889 2708 989 2752 cusi
1034 2698 1255 2756 fuerint?
1321 2698 1421 2753 Sed
1461 2691 1580 2759 quid
