1690 3016
594 172 965 214 ‹omnen-017-
1377 172 1463 210 ιιι

106 273 399 335 usualibus,
433 271 592 341 vulgo
631 271 944 322 currentibus
981 245 1223 319 Ladoni'ci
1257 270 1334 320 11.
1366 271 1473 318 mo·

106 361 234 408 netis
266 360 424 404 Aurei
451 353 655 420 quidem
684 351 879 423 habent'
898 364 1160 403 consuetas
1194 354 1470 417 imagines,
1544 417 1547 420 1

101 438 357 507 Deiparae
389 435 640 498 sedentis,
674 440 727 483 ‘et
758 434 809 482 S.
841 431 1067 482 Ladislai
1122 435 1294 482 stantis
1315 468 1330 492 ‚
1376 429 1469 479 sed

107 538 224 570 cum
260 515 475 584 jucunda
503 515 720 582 quadam
749 518 1057 565 variatione:
1093 518 1145 564 in
1171 512 1471 580 quibusdam

106 589 243 651 enim
277 598 450 649 videas
471 593 542 648 B,
565 597 831 665 Virginem
858 608 1147 646 coronatam
1165 637 1180 659 ‚
1219 611 1332 644 cum
1367 611 1472 642 sce-

106 692 222 748 ptro
259 691 309 730 et
343 679 552 737 Jesulo,
586 682 636 726 iu
661 678 769 726 aliis
799 693 912 726 cum
937 676 1033 726 hoc
1072 677 1181 725 solo
1210 670 1470 728 sedentem

106 764 158 810 in
192 762 312 810 luna
351 770 556 808 cornuta
581 796 595 817 ,
633 771 680 807 et
699 761 748 806 in
777 774 954 806 aversa
981 756 1155 807 divum
1174 756 1467 805 Ladislaum

104 846 318 891 'stantem
350 842 506 893 solitis
534 837 646 888 eum
683 841 930 889 attributis
975 838 1131 887 modo
1176 839 1466 901 loricatum,

106 934 157 972 et·
186 922 484 990 palliatum,
541 918 697 970 modo
744 924 847 969 sine
890 921 1068 988 pallio.
1140 921 1401 971 Praeterea
1443 937 1472 968 e

0 990 8 1062 Γ
77 1005 245 1070 ,εἰςΙίς
277 1007 567 1053 monetariis
617 1002 858 1068 colligere
919 1003 1069 1061 licet,
1123 1017 1267 1051 cusos
1320 1000 1509 1048 fuisse·

107 1101 203 1151 pro
242 1086 492 1131 Ludovico
532 1083 613 1132 II.
663 1080 859 1131 Aureos
887 1100 988 1131 non
1024 1083 1190 1131 solum
1238 1083 1471 1130 Kremni-

109 1156 201 1223 cii,
239 1177 286 1214 et
318 1165 669 1232 Nagybanyae
698 1163 787 1212 sub
823 1162 1142 1213 Tursonibus
1203 1163 1431 1231 Georgio
1454 1199 1472 1224 ,

107 1255 157 1293 et
192 1239 409 1304 Alexio,
444 1261 625 1292 verum
656 1245 808 1292 etiam
852 1242 1037 1292 Cibinii
1075 1246 1127 1292 in
1170 1242 1471 1294 Transilva·

104 1329 189 1375 nia
208 1363 224 1385 ,
258 1329 460 1392 jamque
490 1341 623 1374 nunc
650 1323 987 1388 ‘observariin
1018 1326 1275 1374 nonnullis
1305 1327 1466 1374 aureis

107 1406 286 1472 siglam
316 1408 380 1456 H.
409 1418 458 1456 et
494 1404 620 1456 duos
663 1422 807 1456 enses
837 1405 1130 1457 decussatos
1154 1423 1269 1454 cum
1297 1422 1470 1474 super-

105 1490 270 1554 posita
305 1498 506 1536 corona.
582 1488 887 1534 Grossorum
912 1485 1142 1551 ejusdem
1179 1486 1334 1550 Regis
1368 1497 1470 1535 tres

108 1566 370 1617 distinctae
432 1571 623 1635 species
654 1571 1009 1633 ¹reperiuntur.
1078 1565 1351 1635 Vulgarior
1417 1565 1471 1615 in

108 1656 252 1712 parte
288 1649 454 1695 antica
489 1646 687 1709 exhibet
726 1648 999 1713 Deiparam
1043 1650 1256 1695 velatam
1290 1644 1470 1695 seden-

103 1735 207 1775 tem
250 1741 367 1774 cum
395 1723 569 1776 Jesulo
600 1743 628 1775 a
659 1725 880 1786 dextris,
919 1724 1091 1775 addita
1123 1728 1468 1793 inscriptione:

107 1822 395 1856 Lvnowcvs
425 1822 480 1860 D,
512 1826 559 1856 e.
591 1823 641 1854 R.
683 1821 934 1856 vacum.
975 1799 1026 1856 in
1066 1823 1182 1855 area
1218 1808 1388 1874 siglae:
1404 1807 1468 1857 K.

105 1883 168 1938 B.
212 1888 269 1936 In
308 1904 487 1936 aversa
518 1905 644 1936 vero
674 1888 879 1937 Scutum
926 1889 1216 1956 bipertitum
1254 1902 1468 1953 quatuor

97 1956 284 2030 ‘fascias
333 1979 383 2017 et
415 1968 613 2033 crucem
646 1969 1039 2036 patriarchalem
1086 1972 1468 2038 complectens,

103 2043 237 2100 'circa
261 2048 399 2115 quod
435 2050 646 2115 legitur:
685 2062 907 2100 Monam
939 2067 1076 2102 novA
1117 2065 1259 2101 Anno
1304 2069 1471 2105 nomn.-

105 2144 181 2181 m.
214 2143 357 2195 1522.
411 2131 646 2179 Rariores
678 2132 839 2180 multo
869 2143 983 2181 sunt
1024 2133 1110 2181 alii
1157 2137 1347 2200 grossi,
1418 2138 1469 2182 in

39 2278 42 2285 Ι
104 2224 318 2278 quorum
364 2216 527 2262 antica
568 2224 641 2262 est
694 2225 927 2280 protome
977 2212 1231 2269 Ludovici
1283 2231 1468 2266 corona

107 2293 276 2342 clausa
303 2297 570 2353 coronati,
610 2287 930 2343 dextrorsum
977 2296 1243 2358 conversi,
1273 2295 1340 2349 ad
1386 2319 1474 2370 pe-

106 2386 213 2424 ctus
252 2387 364 2424 cum
400 2391 552 2425 aureo
596 2374 824 2428 vellere,
875 2386 923 2424 et
965 2374 1090 2426 haec
1139 2382 1471 2450 perigraphe:

108 2469 398 2507 Lvnovicvs
439 2473 492 2520 n.
542 2473 659 2506 en.A
706 2472 995 2508 EVNGARIE.
1036 2475 1302 2513 nonnmuz.
1350 2482 1469 2516 nx.

102 2537 160 2585 in*
188 2543 365 2586 aversa
398 2539 748 2587 continuantur
782 2539 941 2588 tituli:
982 2557 1278 2594 onmem.
1313 2563 1469 2596 cnoA-

44 2634 48 2638 ¹
106 2630 203 2666 cu.
248 2633 326 2667 Ee.
366 2632 531 2667 MARc.
564 2636 732 2668 mom.
768 2634 816 2669 ε.
858 2632 997 2683 1523.
1037 2623 1241 2674 Scutum
1273 2618 1469 2679 formae

105 2693 396 2766 hispanicae
461 2702 512 2748 in
564 2697 664 2750 duo
718 2690 875 2751 latei-a
944 2704 1470 2782 perpendiculariter,
