1690 3016
594 190 971 237 m
1395 192 1458 248 85

94 297 351 363 magistro.
394 295 453 342 In
484 295 648 341 amica
675 291 818 355 hujus
858 289 1051 338 numuli
1090 299 1326 356 protome
1360 286 1460 336 Re-

87 383 164 447 gis
196 379 455 438 coronati,
490 385 541 424 et
580 377 725 424 litera
754 373 819 425 K.
855 377 907 421 in
935 388 1068 420 area.
1114 370 1197 432 13)
1231 371 1317 419 M.
1348 372 1455 416 Bu-

90 460 230 508 dens.
267 455 404 506 Crux
431 453 793 523 patriarchalis.
829 456 887 503 In
918 468 1095 502 aversa
1124 461 1268 519 parte
1284 449 1455 516 Caput

90 537 392 589 struthionis
433 540 564 586 inter
595 535 717 584 duas
743 535 943 602 plumas
964 537 1258 602 prominens
1288 549 1349 580 ex
1372 549 1454 581 co-

84 634 215 669 tona
248 628 440 686 aperta.
469 615 570 666 &a
608 613 728 666 Vid.
748 606 954 663 Νοέὶειά
971 632 1023 676 ρ.
1049 629 1157 676 191.
1185 629 1312 676 seqq.
1333 613 1455 662 Tab.

86 699 170 749 ΙΙ.
201 697 271 749 N.
309 702 525 760 78—91.
563 699 638 744 Et
674 698 945 758 Catalogus
971 714 1022 757 p,
1054 697 1137 758 65.
1163 710 1293 758 seqq.
1327 694 1452 743 Tab.

86 794 136 831 4.
179 780 293 829 Car.
338 777 473 827 Rob.
520 778 588 827 N.
634 786 815 832 8—17.
888 776 988 824 Sub
1035 773 1217 823 eodem
1268 774 1455 822 Carolo

85 860 312 915 Roberto
343 860 489 908 multi
526 875 723 923 quoque
761 856 954 906 denarii
988 857 1194 906 banales
1222 867 1273 904 et
1312 856 1453 904 obuli

85 942 386 1012 prodierunt
414 957 527 989 cum
561 943 888 1007 inscriptione
920 940 1139 986 Moneta
1167 940 1322 1000 Regis
1362 955 1455 996 pro

90 1026 347 1074 Sclavenia
369 1037 388 1085 ς
427 1021 490 1070 de
519 1023 696 1086 quibus
723 1025 775 1070 in
797 1022 896 1069 fine
930 1020 1120 1087 Capitis
1147 1018 1457 1087 praeceden-

88 1109 399 1172 tisagimus.
472 1103 735 1152 Praeterea
777 1101 916 1169 apud
966 1103 1178 1150 Zanetti
1222 1104 1356 1152 Diss.
1397 1105 1456 1149 de

88 1188 275 1237 ,Numis
302 1186 499 1248 Regum
531 1183 736 1245 Mysiae
754 1218 769 1243 ‚
804 1185 891 1229 seu
921 1183 1144 1229 Rosciae
1162 1217 1177 1239 ,
1211 1183 1281 1228 ad
1298 1184 1465 1228 Vene-

87 1277 170 1316 tos
208 1277 358 1330 typos
381 1264 633 1325 percussis
656 1278 709 1322 p,
763 1266 844 1322 58.
884 1260 1166 1329 descriptus
1201 1273 1250 1311 et
1288 1260 1452 1310 editus

89 1356 164 1395 est
194 1359 373 1394 numus
409 1351 704 1408 argenteus,
756 1344 809 1390 in
846 1344 987 1407 cujus
1033 1345 1196 1390 antica
1235 1342 1455 1408 legitur.-

91 1441 326 1478 muivws
352 1438 453 1473 tux
485 1439 523 1471 s.
556 1435 831 1473 srumvs.
863 1424 915 1471 in
946 1421 1119 1470 medio
1147 1421 1199 1470 hi
1224 1419 1325 1470 duo
1356 1422 1452 1470 Rea·

92 1523 181 1574 ges
209 1517 395 1557 stantes
417 1503 664 1552 vexillam
710 1507 1028 1570 crucigerum
1073 1503 1227 1553 simul
1267 1515 1457 1555 tenent.

38 1621 43 1625 ·
90 1590 150 1639 In
200 1603 401 1635 aversa:
439 1570 508 1637 ἦ.
550 1572 629 1638 x-o.
669 1583 863 1651 effigies
900 1583 1084 1634 Christi
1130 1584 1370 1645 sedentis;
1401 1588 1454 1634 in

95 1684 211 1716 area
246 1665 347 1715 duo
395 1666 519 1715 lilia.
570 1666 716 1726 Hune
746 1665 973 1714 Numam
1016 1665 1169 1715 fuisse
1206 1681 1235 1712 a
1277 1666 1455 1712 Carolo

91 1748 323 1796 Roberto
364 1732 612 1814 signatum
646 1757 761 1813 post
782 1748 1048 1795 victoriam
1073 1744 1139 1794 de
1168 1747 1354 1793 Vrosio
1372 1746 1451 1799 II.

92 1831 328 1892 Serviae‚
364 1839 414 1877 et
439 1828 651 1877 Rasciae
687 1819 827 1892 Rege
874 1827 1120 1889 relatam,
1140 1885 1150 1898 ι
1171 1826 1451 1881 ostenditur

91 1912 145 1969 iu
169 1911 255 1960 cit·'
278 1909 483 1961 Nomia
512 1925 566 1968 p.
600 1922 716 1962 200,
742 1923 843 1972 seq,

682 2060 732 2132 §-
806 2077 854 2125 9.

125 2186 209 2240 De
233 2186 407 2235 Hamis
435 2186 700 2235 Lvnovici
738 2185 776 2235 1.
831 2186 1031 2236 Mutum
1070 2186 1323 2251 Reginae,
1362 2198 1414 2237 et

558 2266 759 2318 CARou
796 2267 969 2320 Parvi.
1336 2270 1337 2274 ’

221 2396 427 2466 Volupe
458 2410 533 2449 est
562 2400 743 2448 intueri
778 2401 1028 2447 variantes
1078 2400 1129 2446 in
1179 2399 1448 2450 Lvnovxct

91 2481 133 2529 1.
162 2478 343 2531 Aureis
377 2491 560 2547 typos,
589 2490 637 2528 et
669 2478 835 2545 siglaS.
871 2478 1107 2526 Muscam
1127 2478 1452 2529 InstitutiNa-

93 2561 294 2610 tionalis
347 2560 715 2627 Sze'che'nyiani
753 2562 1229 2629 praestantissimam
1270 2559 1453 2612 horum

91 2643 340 2710 Syllogen
378 2642 528 2693 habet
562 2644 870 2711 descriptam
914 2646 964 2691 in
1000 2641 1243 2705 Catalogo
1281 2660 1332 2703 p.
1369 2648 1452 2701 67.

88 2739 221 2789 seqq.
263 2734 315 2775 et
342 2723 529 2776 editam
572 2726 697 2783 Ταῦ,
730 2723 767 2772 I
773 2727 836 2776 V.
863 2735 912 2773 et
950 2728 1012 2776 V.
1084 2728 1186 2794 Qui
1215 2729 1281 2777 N.
1318 2740 1359 2775 ι.
1400 2737 1452 2777 ee

1095 2809 1136 2860 F
1169 2826 1203 2871 ³
