1690 3016
195 271 203 298 Ι
626 200 1004 250 ωσι-εύ-
1411 204 1500 258 183

89 342 93 347 2
131 316 436 353 vmrvnzm.
473 302 702 351 Victoria
736 313 871 351 stans
906 300 1224 352 dextrorsum
1253 316 1503 351 conversa

136 378 314 463 dextra
360 395 498 433 tenet
550 381 826 452 clypeum,
875 389 1071 434 sinistra
1099 370 1356 450 stylum,
1401 398 1501 447 quo

133 466 308 516 scribit
332 467 387 514 in
414 461 599 513 eodem
620 464 851 531 clypeo,
888 464 1082 513 duabus
1111 465 1281 530 figuris
1328 479 1500 511 coram

132 547 241 596 ill'a‘
260 543 546 613 provolutis
574 548 624 593 in
658 560 856 611 genua,
895 560 1106 608 quarum
1158 546 1315 595 altera
1359 561 1507 593 coro-

134 638 254 678 nata
282 624 596 678 Fridericum
618 630 842 684 victum,
881 625 1041 673 altera
1086 624 1385 676 Bohemiam
1428 642 1504 673 re-

134 702 453 778 praesentat,
487 706 715 756 adstante
741 708 840 756 alia
872 707 1110 756 muliebri
1145 709 1335 774 figura,
1373 722 1502 771 quae

135 788 397 839 dexteram
430 792 623 856 pectori
650 788 927 847 admovet,
959 792 1155 838 sinistra
1183 788 1306 836 vere
1336 786 1506 854 depri-

133 872 227 918 mit
260 885 411 918 unam
439 886 502 917 ex
526 870 803 936 genuflexis
835 870 1022 936 figuris.
1098 869 1157 918 In
1197 865 1369 916 medio
1411 875 1508 914 stat

133 952 363 1001 labarum
382 987 399 1009 ,
423 946 516 999 ‘cui
544 950 729 1014 aquila,
764 951 906 1000 velut
924 951 1197 1017 legionaria
1222 951 1506 1016 priscorum

135 1032 524 1090 Romanorum,
558 1030 760 1080 insidet.
826 1032 982 1080 Humi
1011 1034 1180 1096 jacent
1210 1046 1382 1087 arma,
1436 1031 1509 1077 in-

135 1126 216 1164 ter
240 1129 367 1178 quae
394 1116 725 1180 eonspicuum
759 1125 837 1162 est
863 1115 1070 1163 Scutum
1093 1129 1207 1161 cum
1227 1114 1509 1179 inscriptio-

136 1211 229 1244 ne:
267 1209 410 1245 Anno
455 1191 866 1244 162b.NovJ:.MB.
923 1205 969 1249 8.
1022 1198 1145 1258 Arg.
1190 1197 1361 1257 magni
1409 1210 1512 1238 mo-

136 1277 246 1323 duze·
269 1282 357 1323 cit.
388 1275 626 1324 Numoth.
666 1276 790 1325 Ταῦ.
807 1274 924 1323 ’ΧΧ
931 1278 992 1326 V.
1020 1294 1067 1326 n.
1088 1273 1238 1328 XIX.
1287 1271 1371 1335 14)
1408 1277 1515 1320 An-

136 1358 240 1403 ticae
274 1353 454 1403 eadem
475 1389 489 1410 ,
525 1370 652 1420 quae
687 1358 739 1404 in
771 1354 1010 1424 praeced.
1066 1357 1129 1404 In>
1169 1371 1380 1418 aversa,
1427 1352 1517 1403 Ju-

140 1439 272 1503 piter
295 1439 551 1503 gigantes,
600 1438 800 1485 coelum
847 1454 1146 1505 oppugnare
1187 1452 1365 1494 ausos,
1415 1434 1513 1482 ful-

140 1520 280 1580 mine
305 1517 449 1572 ferit,
483 1517 800 1583 disjicitque‚
834 1536 959 1584 quos
988 1523 1120 1568 inter
1149 1515 1352 1567 medius
1403 1533 1514 1565 cor-

140 1601 290 1647 ruens*
314 1587 497 1648 amittit
531 1615 772 1650 coronam
805 1601 1073 1651 radiatam.
1101 1611 1107 1617 ’
1134 1601 1253 1651 Jovi
1308 1598 1512 1648 adstant

139 1695 168 1727 a
198 1673 389 1735 dextris
421 1680 617 1745 aquila,
653 1698 682 1730 a
711 1686 920 1731 sinistris
960 1681 1157 1732 Justitia
1177 1699 1291 1730 cum
1312 1679 1507 1748 gladio,

142 1769 191 1821 et
221 1759 437 1808 bilance·
477 1762 694 1812 Accedit
729 1761 1348 1812 consue:·.mFerdinandi
1377 1777 1514 1827 sym·

145 1841 358 1890 bolum.-
399 1855 666 1892 LEGITIME
717 1830 1103 1894 cERTANvasss
1185 1843 1514 1906 Arg.fusum

144 1924 322 1987 magni
348 1925 536 1970 moduli
549 1925 783 1978 ,ibidem
814 1943 864 1973 n.
907 1922 1024 1972 XX.
1082 1940 1158 1985 15.
1210 1921 1371 1972 Aliud
1425 1938 1516 1970 nu·
1558 1978 1561 1981 ¹

138 2006 321 2052 misma
350 2013 457 2048 tam
493 2006 643 2065 hujus
679 2003 966 2061 Victoriae,
1006 2021 1149 2066 quam
1188 2005 1375 2066 Templi
1398 2018 1515 2063 quo-

139 2099 233 2150 que
261 2098 324 2129 ac
353 2076 649 2131 monasterii
668 2095 877 2144 propter
902 2088 1028 2131 hanc
1062 2085 1349 2132 Victoriam
1375 2094 1515 2129 octa·
1585 2072 1589 2074 “

99 2178 207 2224 ’,νο
228 2173 346 2227 post
405 2180 532 2212 anno
555 2165 806 2229 fundati,
872 2169 1160 2214 memoriam
1207 2160 1514 2212 conservans.

145 2242 266 2293 Pars
303 2250 469 2296 antica
506 2245 711 2295 exhibet
737 2232 1095 2294 Fe'rdinandun':
1149 2247 1228 2297 ll.
1282 2244 1515 2314 deposita

143 2321 285 2374 humi
309 2341 517 2385 corona,
553 2330 696 2378 flexis
712 2328 922 2392 genibus
942 2339 1168 2377 orantem
1194 2345 1365 2376 coram
1392 2332 1520 2376 ima-

145 2406 263 2470 gine
291 2405 548 2475 Deiparae
569 2447 585 2469 ,
623 2418 770 2473 atque
800 2424 830 2457 a
864 2406 1039 2458 divino
1062 2411 1293 2475 pusione,
1332 2412 1382 2456 in
1408 2425 1519 2475 gre-

146 2486 251 2533 mio
281 2486 462 2537 Matris
493 2488 731 2548 sedente,
769 2493 1098 2556 recipientem
1135 2505 1379 2538 coronam
1415 2491 1516 2539 Bo-

149 2564 366 2618 hemiae.
394 2570 696 2639 perigraphe
729 2582 828 2621 est:
878 2587 968 2619 svn
1014 2586 1168 2621 'rva
1203 2587 1514 2623 ΡιιιειοινΜ

156 2647 299 2698 1628.
325 2661 404 2712 25.
445 2667 563 2701 APR.
600 2653 656 2701 In
689 2668 867 2701 aversa
904 2662 1044 2719 parte
1082 2664 1356 2704 cernuntur
1384 2652 1514 2702 duae

153 2730 286 2777 acies
314 2731 635 2796 praeliantes,
672 2735 727 2783 In
762 2737 988 2800 margine
1020 2736 1280 2801 superiore
1308 2735 1521 2801 legitur:

1136 2816 1263 2868 Ma
