1690 3016
574 202 950 281 «φοοφοαιι-
1366 206 1471 258 305

744 354 808 403 H.

88 483 228 528 A.·C.
261 490 381 532 1401.
426 484 736 540 Sigismundus
772 483 871 525 Rex
922 484 1145 535 declarat,
1177 483 1473 528 ‘Monetarios

184 556 307 596 'suos
346 567 371 593 a
407 553 713 595 solutionibus
737 562 976 609 exemptos
1006 569 1056 595 ac
1071 553 1257 602 liberos,
1276 554 1474 608 demptis

198 624 488 666 solummodo
534 624 774 672 collectis,
814 632 860 664 et
918 623 1130 664 censibus
1176 624 1230 664 de
1269 627 1473 678 ipsorum

201 691 591 737 haereditatibus:
623 692 897 746 eosdemque
925 692 1154 736 Judicatui
1183 695 1471 736 solummodo

203 759 379 812 Regis,
448 768 526 801 aut
600 759 830 802 Comitum
885 762 1173 804 Monetarum
1227 764 1474 817 Regiarum

209 827 410 870 subesse.
800 833 805 836 ’

232 965 600 1015 Sisismvnnvs
643 965 741 1014 Dei
773 963 953 1015 Gratia
1003 966 1115 1016 Rex
1151 967 1476 1034 Hungariae3

91 1047 387 1098 Dalmatiae
412 1045 699 1110 ,croatiae
730 1058 825 1096 cet.
868 1047 1105 1097 Marchio
1123 1036 1477 1116 Brandebxurg.

98 1126 198 1182 eet.
226 1126 487 1177 Fidelibus
524 1131 623 1178 suis
650 1132 933 1190 universis,
971 1141 1022 1179 et
1051 1132 1260 1199 singulis
1310 1130 1481 1180 Comi-

21 1209 26 1213 ”
98 1222 324 1268 tamum,
351 1219 542 1267 status,
578 1207 800 1276 gradus,
850 1221 902 1259 et
952 1209 1294 1271 conditionisg·
1333 1229 1479 1280 prae-

98 1292 405 1340 eminentiae
433 1288 761 1349 hominibus‘,
798 1294 1055 1357 signanter
1093 1290 1391 1353 Judicibus‚
1431 1294 1481 1342 et

99 1370 295 1422 civibus
327 1371 671 1435 quarumlibet
710 1375 1009 1426 civitatum,
1044 1377 1097 1423 in
1140 1373 1323 1438 quibus
1365 1375 1486 1423 Mo-⁷

101 1464 247 1502 netae
291 1463 492 1501 nostrae
552 1451 836 1514 cuduntur,
897 1455 1112 1504 salutem
1155 1469 1207 1506 et
1249 1459 1480 1524 gratiam.

100 1534 200 1583 Pro
232 1545 380 1599 parte
409 1532 764 1584 Universitatis
796 1534 1050 1585 Fidelium
1070 1534 1481 1586 Monetariorum

100 1626 390 1666 nostrorum
404 1613 620 1663 Nostrae
637 1614 787 1664 datur
814 1617 924 1681 Maj
933 1621 1075 1666 estati
1094 1619 1327 1685 intelligi3
1346 1617 1484 1683 quod

104 1699 224 1746 licet
262 1699 358 1762 ipsi
385 1711 413 1743 a
440 1696 775 1745 solutionibus
803 1695 1068 1747 Taxarum
1089 1730 1107 1752 ‚
1143 1710 1193 1748 et
1208 1701 1486 1764 quarumli⁶

105 1779 192 1828 bet
220 1777 542 1825 Solutionum
561 1805 577 1835 ⁵
616 1774 837 1844 demptis
866 1778 1192 1840 solummodo
1224 1780 1487 1839 collectis,

107 1871 156 1908 et
194 1857 441 1908 Censibus
476 1855 541 1905 de
592 1856 986 1908 haereditatibus
1032 1862 1292 1927 ipsorum,
1343 1879 1489 1913 more

106 1953 156 1990 et
184 1939 250 1990 ad
294 1944 452 1991 instar
500 1938 874 1993 haereditatum
927 1941 1144 1993 aliorum
1198 1948 1487 1996 concivium

108 2020 552 2085 administrandis,
589 2026 826 2089 exempti·
849 2025 982 2082 sint,
1019 2022 1202 2089 liberi,
1252 2037 1300 2075 et
1339 2026 1490 2074 abso·

108 2103 233 2164 luti,
270 2101 648 2170 insupenquod
681 2106 909 2171 ipsorum
947 2103 1116 2153 nullus
1141 2104 1306 2173 Regni
1331 2111 1491 2157 nostri

110 2184 383 2246 Judicum‚
418 2196 775 2252 praeterquam
823 2185 1066 2250 Majestas
1125 2186 1344 2249 Nostra,
1408 2190 1530 2238 aut-

113 2264 341 2315 Comites
399 2266 729 2314 Monetarum
774 2276 1063 2317 nostrorum
1118 2283 1213 2334 pro
1262 2278 1494 2335 tempore

117 2348 413 2404 constituti,
450 2348 588 2412 ipsos
616 2342 848 2409 judicare
874 2344 1060 2396 debeat
1078 2382 1095 2406 ‚
1132 2364 1295 2413 neque
1314 2354 1495 2418 possit,

112 2440 274 2497 prout
298 2426 572 2495 superinde
602 2428 805 2478 Literas
860 2428 1273 2482 demonstrarunt
1327 2449 1379 2481 se
1409 2433 1496 2482 ha-

119 2509 244 2559 bere
273 2508 510 2558 efficaces
528 2550 543 2572 ‚
580 2520 752 2560 tamen
781 2527 876 2562 vos
905 2516 958 2562 in
983 2510 1163 2573 Taxis‚
1197 2524 1248 2563 et
1279 2514 1391 2564 aliis
1418 2532 1498 2564 so-

124 2589 400 2640 lutionibus
420 2628 436 2651 ‚
473 2607 627 2657 super
653 2606 741 2640 eos
776 2607 979 2657 quoquo
1006 2591 1164 2642 modo
1211 2597 1496 2663 impositis,

125 2682 213 2719 aut
244 2669 568 2738 imponendis
588 2709 603 2732 ‚
639 2675 775 2739 ipsos
804 2674 1124 2723 Monetarios
1146 2687 1345 2727 nostros
1379 2694 1499 2726 con-

126 2751 475 2818 numerando,
513 2753 576 2803 ab
611 2758 733 2822 ipsis
760 2753 1054 2821 hujusmodi
1088 2752 1263 2806 Taxas
1289 2770 1338 2808 et
1367 2753 1500 2809 solu·

185 2833 332 2881 em
364 2834 482 2887 ιιι.
1198 2835 1249 2887 U
