1690 3016
150 168 249 222 338
658 166 1026 214 mm·-

153 269 534 336 circumspectis
564 266 846 330 Judici,·et
878 274 1053 336 juratis
1102 270 1298 325 civibus
1345 279 1524 326 civita·

149 351 211 396 tis
236 362 437 400 nostrae
465 352 855 405 Cremniciensis
884 356 1143 420 Salutem,
1185 368 1231 406 et
1269 356 1525 409 Gratiamt

145 430 495 486 Intelleximus
528 450 636 483 esse
664 428 912 503 plurimos
948 442 997 487 in
1026 443 1120 488 ista
1167 442 1402 504 civitate,
1439 442 1521 504 qui

150 523 445 581 contempta
478 517 683 582 publica
724 517 1075 582 ordinatione,
1114 537 1267 586 quam
1320 520 1384 571 de
1429 537 1520 570 usu

150 603 198 640 et
233 586 580 645 aestimatione
612 615 776 649 novae
811 615 1049 652 monetae
1079 620 1138 653 ac
1175 604 1323 653 rebus
1368 619 1527 654 vena-

147 675 309 737 libus,
347 694 446 730 una
479 696 593 729 cum
624 683 855 732 Dominis
897 685 1169 744 Praelatis,
1218 685 1523 746 Baronibus,

148 764 425 826 ceterisque
462 763 755 830 Regnicolis
798 769 982 815 nostris
1025 766 1268 825 fecimus,
1320 784 1378 816 ac
1424 786 1518 835 per

148 854 310 894 totum
342 845 576 913 Regnum
606 852 658 896 in
694 849 804 897 aliis
822 849 1007 899 Literis
1035 852 1217 899 nostris
1249 850 1520 917 publicari,

145 927 506 995 observarique
540 934 776 997 jussimus
799 970 814 993 ,
853 932 1060 982 easdem
1099 950 1258 984 novas
1287 947 1520 984 monetas

143 1011 195 1057 in
257 1012 403 1060 rebus
457 1017 800 1081 cujuscunque
869 1019 1067 1082 generis
1104 1026 1153 1064 et
1211 1018 1520 1072 victualibus

144 1092 407 1152 emendis,
446 1107 495 1145 et
527 1095 847 1156 vendendis,
886 1097 1096 1162 aliisque
1145 1097 1519 1159 solutionibus,

143 1185 194 1222 et
227 1181 544 1227 commerciis
591 1190 676 1228 aut
729 1182 937 1228 omnino
987 1191 1228 1243 tanquam
1271 1183 1517 1246 perituras

142 1269 592 1326 contempserunt,
629 1272 678 1309 et
713 1262 812 1312 illis
854 1264 924 1310 uti
971 1261 1196 1318 nollent,
1248 1271 1333 1311 aut
1385 1259 1513 1310 duos

140 1357 303 1392 novos
345 1340 580 1395 denarios
636 1361 732 1412 pro
771 1360 872 1392 uno
931 1346 1095 1391 veteri
1161 1341 1303 1390 nullo
1355 1341 1516 1392 modo

80 1469 86 1477 .
139 1424 336 1474 vellent
366 1428 631 1493 accipere,
669 1424 877 1490 quidam
910 1442 1035 1474 vero
1071 1435 1201 1483 tres,
1229 1424 1313 1471 alii
1343 1434 1515 1474 autem

139 1516 382 1568 quatuor,
421 1505 575 1570 aliqui
611 1509 762 1556 etiam
787 1507 958 1573 plures
985 1523 1145 1556 novas
1174 1517 1403 1555 monetas
1424 1523 1519 1572 pro

138 1601 237 1634 una
266 1589 427 1636 veteri
467 1590 700 1654 accipere
730 1588 956 1646 vellent,
994 1604 1071 1636 res
1102 1599 1269 1637 autem
1298 1604 1430 1647 suas,
1467 1598 1519 1637 et

138 1666 376 1716 animalia
407 1668 562 1735 longe
591 1673 772 1729 carius,
809 1686 958 1734 quam
989 1680 1105 1718 ante
1141 1673 1402 1719 cusionem
1425 1686 1519 1718 no-

143 1765 232 1797 vae
268 1762 502 1800 monetae
536 1751 740 1800 solitum
771 1739 1360 1814 fuit,'venderent‚unde
1386 1749 1514 1799 haec

137 1845 335 1878 summa
371 1847 540 1880 rerum
567 1835 1036 1891 omnium-caritas,
1075 1843 1124 1880 et
1154 1834 1362 1898 penuria
1396 1846 1516 1879 cum

136 1911 346 1980 publico
380 1917 532 1963 totius
563 1914 728 1982 Regni
762 1918 920 1964 nostri
953 1911 1284 1962 incommodo
1317 1915 1377 1961 sit
1394 1928 1523 1960 con*

137 2006 335 2054 secuta;
374 2012 491 2050 cum
523 2006 692 2044 autem
729 2012 821 2044 nos
850 1995 982 2044 hanc
1029 2011 1220 2044 novam
1252 2005 1513 2044 monetam

135 2073 356 2143 perdere
383 2074 688 2125 nullomodo
732 2074 1091 2135 intendamus,
1145 2079 1184 2126 si
1228 2079 1363 2124 enim
1425 2074 1513 2123 illa

135 2158 356 2224 periret,
395 2157 461 2207 ob
498 2156 755 2206 defectum
787 2161 1118 2224 pecuniarum
1149 2157 1304 2224 longe
1347 2158 1515 2220 major

56 2255 63 2265 ·
136 2241 332 2286 caristia
373 2255 542 2287 rerum
579 2242 807 2288 'omnium
838 2240 1010 2298 fieret,
1049 2249 1122 2287 est
1153 2241 1303 2306 igitur
1327 2237 1516 2285 volun-

136 2331 209 2369 tas
241 2332 438 2386 nostra,
478 2333 527 2369 et
554 2325 706 2370 totius
752 2321 963 2371 Consilii
1010 2324 1170 2370 nostri
1213 2318 1511 2368 deliberatio

136 2403 311 2466 firma,
348 2412 403 2450 ut
430 2402 711 2451 secundum
743 2401 1118 2452 ordinationem
1148 2401 1332 2451 factam
1384 2398 1513 2447 duae

135 2499 302 2533 novae
349 2493 586 2531 monetae
628 2501 721 2550 pro
777 2500 875 2532 una
923 2487 1127 2548 antiqua
1175 2486 1226 2531 in
1273 2482 1511 2530 omnibus

137 2567 454 2612 commerciis
489 2564 704 2624 dentur,
741 2580 799 2613 ac
842 2567 1167 2632 recipiantur.
1222 2563 1391 2629 Quam
1446 2562 1512 2611 ob
1579 2570 1581 2572 ’

138 2658 248 2690 rem
276 2641 508 2693 fidelitati
537 2656 737 2692 vestrae
773 2644 948 2693 harum
978 2650 1105 2694 serie
1131 2645 1344 2695 firmiter
1376 2657 1518 2692 man-

135 2721 346 2785 damus,
384 2733 438 2771 ut
468 2728 689 2794 acceptis
704 2726 1056 2795 praesentibus
1086 2729 1138 2777 in
1171 2730 1265 2776 ista
1302 2726 1510 2775 civitate
