1690 3016
609 181 990 225 *merom-
1418 152 1518 238 343

110 286 275 346 tibus,
312 288 490 352 viginti
561 268 781 334 cusores'
811 296 1132 335 monetarum
1171 282 1269 334 huc
1312 283 1511 332 Budam

108 367 172 416 M
190 371 382 432 ajestati
424 379 630 417 nostrae
652 366 819 416 modis
841 369 1075 425 omnibus
1105 369 1303 416 mittere
1330 365 1490 415 debea
1506 393 1525 405 -

112 451 216 518 tis,
250 461 301 500 et
342 451 649 510 teneamini,
687 462 927 499 curantes
963 452 1205 511 omnino,
1239 445 1421 496 ut‘hac
1465 451 1513 495 in

118 548 174 580 re
220 531 390 596 aliqua
418 550 564 582 mora
597 549 661 582 ne
695 537 1081 590 committatur,
1118 548 1261 582 secus
1301 547 1404 580 non
1440 530 1511 577 fa·

126 616 272 664 cturi.
344 614 536 663 Datum
571 613 751 664 Budae
782 614 907 663 feria
941 617 1111 679 quinta
1143 615 1379 681 proxima
1404 622 1518 660 ante

122 691 311 741 festum
344 694 531 742 Beatae
563 694 882 743 Elisabethae
928 693 1152 758 viduae,
1226 693 1378 742 Anno
1418 694 1518 741 Do-

117 776 240 822 mini
278 774 568 823 Millesimo
595 779 999 842 quingentesimo
1035 777 1289 841 vigesimo
1319 790 1473 822 nono.

710 933 899 985 XXIII.

124 1067 235 1108 Eod.
270 1080 390 1107 anno
431 1067 547 1107 idem
579 1067 676 1107 Rex
707 1067 852 1107 denuo
886 1068 1110 1120 praecipit
1139 1064 1326 1108 Civitati
1358 1066 1506 1107 Crem-

234 1138 428 1176 niciensi
449 1163 461 1183 ,
486 1128 541 1176 *ut
561 1135 649 1175 sibi
679 1135 853 1175 Budam
881 1136 1004 1177 illico
1023 1138 1185 1190 viginti
1204 1136 1395 1178 Cueores
1415 1150 1506 1176 mo-

234 1212 436 1245 netarum
464 1207 715 1245 mittantur.

259 1323 498 1374 Jonmns
538 1325 632 1373 Dei
676 1324 854 1375 Gratia
905 1325 1007 1375 &a
1043 1335 1101 1373 ut
1145 1340 1316 1387 supra.
1386 1326 1506 1375 Pru·

125 1406 306 1461 dentes
337 1419 383 1454 et
435 1405 805 1474 Circumspecti
866 1405 1045 1456 fideles
1085 1406 1234 1459 nobis
1298 1406 1512 1465 dilecti,

128 1506 222 1557 per
257 1488 381 1536 alias
410 1487 609 1538 Literas
653 1499 852 1537 nostras
892 1499 1162 1557 perceptas
1212 1489 1413 1557 pridem
1449 1489 1517 1539 ad

129 1586 225 1621 vos
262 1567 438 1624 datas,
476 1569 626 1618 vobis
655 1573 705 1618 in
738 1586 798 1618 eo
832 1567 1263 1620 mandaveramus
1289 1608 1307 1629 ‚
1345 1583 1399 1619 ut
1429 1588 1523 1622 vos
1598 1612 1602 1613 γ

130 1653 303 1699 statim
337 1652 458 1697 visis
501 1645 692 1696 eisdem
726 1649 912 1698 Literis
959 1653 1143 1700 nostris
1196 1653 1374 1717 viginti
1422 1649 1522 1698 Cu-

129 1747 269 1782 sores
314 1739 631 1796 monetarum
651 1727 749 1777 huc
779 1727 979 1780 Budam
1007 1726 1075 1777 ad
1117 1745 1208 1779 nos
1236 1733 1524 1783 mitteretis·

86 1806 89 1809 ’
132 1813 304 1879 Quare
335 1809 568 1866 fidelitati
608 1820 809 1861 vestrae
842 1808 1023 1861 harum
1052 1813 1180 1861 serie
1212 1811 1525 1867 ,firmissime

133 1895 528 1954 committimus,
566 1902 615 1939 et
651 1890 953 1942 mandamus
976 1933 992 1956 ‚
1046 1905 1294 1959 quatenus
1345 1897 1514 1942 statim

133 1977 356 2041 acceptis
376 1971 748 2040 praesentibus,
789 1976 929 2023 omni
958 1990 1136 2032 mora,
1174 1984 1223 2023 et
1247 1979 1521 2026 occasione

133 2059 417 2127 postposita
449 2056 795 2125 praescriptos
839 2058 1021 2123 viginti
1073 2055 1290 2108 Cusores
1337 2075 1528 2108 mone-

136 2148 297 2189 tarum
331 2132 414 2184 die
444 2146 698 2199 noctuque
729 2134 895 2184 isthuc
932 2138 1134 2186 mittere
1178 2135 1405 2186 debeatis
1428 2173 1443 2196 ‚
1480 2149 1530 2188 et

139 2220 444 2275 teneamini,
482 2232 577 2265 nec
618 2233 761 2265 secus
796 2217 903 2266 ulla
940 2221 1138 2268 ratione
1178 2218 1347 2267 facere
1381 2234 1524 2286 prae-

141 2300 364 2349 sumatis,
403 2298 592 2345 Datum
617 2295 795 2346 Budae
831 2300 883 2347 in
915 2295 1045 2347 festo
1080 2298 1269 2348 Beatae
1300 2298 1526 2349 Cathari-

145 2392 240 2432 nae
269 2378 494 2447 Virginis
525 2388 575 2427 et
606 2377 849 2445 Martyris
878 2376 1030 2429 Anno
1066 2379 1275 2428 Domini
1313 2391 1455 2441 1529.
