1690 3016
635 203 1014 253 Μ
1407 202 1500 252 285

121 304 365 362 Leopoldi
391 304 583 370 Magni
613 314 839 370 septem,
873 306 1002 351 inter
1031 317 1158 366 quos
1184 302 1355 368 primo
1383 299 1502 349 loco

122 399 200 437 est
231 386 430 436 Aureus
465 386 683 453 simplex
722 387 839 433 anni
881 383 1027 435 1671.
1069 399 1184 430 cum
1230 378 1404 445 effigie
1453 382 1502 429 S.

48 487 58 513 ν
118 467 336 536 Josephi
369 471 421 517 in
459 482 557 516 una
597 477 742 534 parte
757 483 778 518 2*
809 476 859 513 et
901 466 1264 530 inscriptione:
1302 463 1363 509 In
1403 479 1504 507 ma-

120 550 266 595 nibus
295 552 399 603 tuis
422 556 589 595 sortes
617 564 767 602 meae.
798 543 900 594 &cx
951 544 1098 594 Alter
1142 541 1389 609 decuplus
1418 558 1506 589 an-

123 633 175 678 ni
214 634 359 686 1687.
392 631 688 696 inscriptus:
731 626 783 673 S.
820 629 1152 674 Immaculata
1192 625 1354 684 Virgo
1385 624 1506 670 Ma·

122 713 208 757 ria
248 710 348 760 &a
407 713 578 759 tertius
619 707 991 758 Cremnicensis
1047 704 1331 756 ordinarius
1382 706 1504 752 anni

131 792 278 851 1689.
318 802 521 856 quartus
553 801 822 858 protomen
853 789 1177 856 Imperatoris
1207 785 1466 853 Leopwldi
1486 826 1505 847 ,

124 883 175 920 et
204 874 548 940 Imperat-icis
591 872 877 921 Eleonorae
922 870 1164 919 exhibens
1201 862 1263 917 ’ex
1303 862 1506 916 officina

125 956 340 1002 civitatis
373 952 631 1019 Augustae
674 951 1091 1009 Vindelicorum,
1128 947 1506 1015 quam.indicat

109 1033 363 1083 ⁴stt-obilus
412 1034 544 1083 infra
609 1030 829 1099 effigiem
886 1032 1114 1082 Caesaris
1170 1033 1504 1097 conspicuus:

124 1120 358 1180 quintus,
415 1129 463 1165 et
498 1126 664 1165 sextus
720 1126 837 1164 sunt
881 1130 998 1182 pars
1029 1125 1233 1179 quarta,
1276 1123 1324 1162 et
1366 1123 1508 1160 sexta

124 1200 284 1261 Aure-i
314 1199 560 1265 simplicis
582 1200 610 1261 ‚'
632 1210 919 1265 postremus
959 1208 1036 1245 est
1091 1213 1152 1244 ex
1186 1192 1391 1243 officina
1428 1191 1511 1242 Ci-

122 1280 340 1330 biniensi
366 1277 775 1328 Transilvaniae.
825 1278 914 1326 His
942 1275 1191 1325 accedunt
1224 1285 1325 1324 tres
1371 1276 1507 1323 aurei

123 1362 383 1428 simplices
414 1359 689 1409 Cremnicii
715 1375 744 1408 a
776 1358 997 1407 factione
1043 1359 1339 1423 Rakociana
1383 1373 1507 1411 ann.

130 1457 276 1498 1704.
324 1458 469 1500 ¹707.
495 1454 550 1492 et
580 1453 724 1498 1707.·
744 1445 867 1491 cusi.
906 1439 1046 1490 Tum
1065 1430 1276 1499 Josephi
1301 1442 1347 1488 1.
1366 1443 1508 1504 quin·

123 1539 223 1587 que
269 1523 453 1583 Aurei,
491 1540 707 1588 quorum
769 1521 874 1571 duo
919 1534 1031 1571 sunt
1075 1535 1281 1588 quartae
1336 1534 1504 1591 partes
1561 1517 1567 1519 ’

124 1604 463 1671 simplicium:
503 1607 676 1651 Caroli
703 1605 800 1651 VI.
820 1615 921 1652 tres
952 1603 1107 1653 Aurei
1141 1603 1375 1654 diversae
1402 1622 1508 1655 ma·

122 1685 439 1752 gnitudinis‚
469 1702 686 1750 quorum
718 1690 912 1753 primus
940 1675 1015 1735 est
1042 1692 1394 1736 mnemonicus
1421 1706 1507 1756 pa·

124 1770 195 1816 cis
243 1766 703 1816 Passarovicensis:
761 1766 968 1814 Mariae
1021 1767 1287 1814 Zhereu'ae
1321 1769 1503 1819 decem

121 1847 314 1907 Aurei,
350 1864 564 1914 quorum
601 1852 792 1915 primus
833 1852 940 1897 sine
969 1864 1105 1897 anno
1152 1849 1357 1900 exhibet
1398 1850 1505 1901 effi-

120 1935 231 1999 gies
254 1933 330 1982 M.
363 1931 664 1990 'Pheres-iae,
689 1944 737 1980 et
770 1933 1024 1982 Francisci
1052 1931 1296 2001 Conjugis
1330 1935 1503 2003 Augu·

121 2016 219 2072 sti,
262 2012 391 2061 alter
438 2025 511 2061 est
552 2015 617 2063 ob
647 2012 927 2063 adventum
965 2014 1096 2082 Imp.
1147 2015 1418 2064 Francisce'
1453 2022 1503 2066 in

120 2093 324 2144 fodinas
359 2096 524 2161 Hung.
556 2098 728 2145 tertius
766 2112 882 2144 cum
930 2099 1282 2164 inscriptione:
1331 2104 1506 2162 Aquae

115 2179 467 2225 subterraneae
504 2181 743 2226 Bomitae
771 2176 873 2228 &a
903 2190 1107 2243 quartus
1140 2177 1205 2228 de
1236 2184 1504 2230 institutio-

86 2275 186 2307 fne
223 2257 435 2309 Ordinis
469 2260 706 2324 Equitum
754 2261 805 2307 S.
849 2259 1089 2329 Stephani
1128 2260 1257 2328 Reg.
1300 2267 1503 2326 quintus

120 2349 200 2409 est
225 2356 405 2389 aureus
429 2337 1046 2407 simplexssremnicensis
1063 2378 1078 2399 ‚
1110 2354 1276 2391 sextus
1304 2356 1382 2392 est
1419 2360 1506 2393 au·

122 2435 237 2469 reus
270 2419 460 2492 duplus
487 2419 947 2480 Transilvanicus‚
991 2425 1234 2489 septimus
1274 2421 1339 2472 de
1376 2428 1503 2475 nati·

121 2491 522 2561 vitate‘Josephi
554 2502 631 2549 Il.
676 2504 759 2565 qui
806 2504 856 2549 in
899 2513 1045 2568 parte
1076 2518 1259 2551 aversa
1304 2519 1506 2571 reprae-

122 2592 345 2629 sentatur
374 2585 545 2649 specie
578 2581 810 2630 Herculis
844 2581 1048 2631 infantis
1068 2621 1082 2640 ‚
1134 2580 1263 2632 duos
1308 2599 1500 2652 angues

119 2659 483 2729 discet-pentis3
521 2675 731 2714 octavus
754 2661 819 2713 de
848 2664 1103 2715 connubio
1122 2663 1349 2728 ejusdem
1381 2684 1499 2718 cum

118 2744 421 2792 Elisabeth
466 2748 760 2793 Bous-honio
781 2763 804 2805 ;
861 2760 1026 2795 nonus
1059 2761 1119 2794 ac
1163 2744 1392 2800 decimus
1431 2748 1496 2799 de
