<?xml version="1.0" encoding="UTF-8"?>
<!DOCTYPE html PUBLIC "-//W3C//DTD XHTML 1.0 Transitional//EN"
    "http://www.w3.org/TR/xhtml1/DTD/xhtml1-transitional.dtd">
<html xmlns="http://www.w3.org/1999/xhtml" xml:lang="en" lang="en">
 <head>
  <title>
</title>
<meta http-equiv="Content-Type" content="text/html;charset=utf-8" />
  <meta name='ocr-system' content='tesseract 3.04.00' />
  <meta name='ocr-capabilities' content='ocr_page ocr_carea ocr_par ocr_line ocrx_word'/>
</head>
<body>
  <div class='ocr_page' id='page_1' title='image "./catalogusnumorum03budauoft_0323.png"; bbox 0 0 1690 3016; ppageno 0'>
   <div class='ocr_carea' id='block_1_1' title="bbox 88 165 1542 2787">
    <p class='ocr_par' dir='ltr' id='par_1_1' title="bbox 88 165 1542 2787">
     <span class='ocr_line' id='line_1_1' title="bbox 639 165 1510 259; baseline -0.003 -45"><span class='ocrx_word' id='word_1_1' title='bbox 639 165 1017 214; x_wconf 59' lang='grc' dir='ltr'><strong>-ὲ-ωωοοώ·</strong></span> <span class='ocrx_word' id='word_1_2' title='bbox 1381 173 1510 259; x_wconf 57' lang='lat'>(319</span> 
     </span>
     <span class='ocr_line' id='line_1_2' title="bbox 115 258 1511 343; baseline -0.005 -20"><span class='ocrx_word' id='word_1_3' title='bbox 115 289 332 343; x_wconf 78' lang='lat' dir='ltr'>gerens,</span> <span class='ocrx_word' id='word_1_4' title='bbox 392 287 507 320; x_wconf 89' lang='lat' dir='ltr'>cum</span> <span class='ocrx_word' id='word_1_5' title='bbox 558 269 633 320; x_wconf 87' lang='lat' dir='ltr'>his</span> <span class='ocrx_word' id='word_1_6' title='bbox 690 259 887 332; x_wconf 80' lang='lat' dir='ltr'>literis,</span> <span class='ocrx_word' id='word_1_7' title='bbox 942 282 1174 316; x_wconf 58' lang='lat' dir='ltr'>sancrvs</span> <span class='ocrx_word' id='word_1_8' title='bbox 1224 258 1511 318; x_wconf 58' lang='lat' dir='ltr'>mmsiivs</span> 
     </span>
     <span class='ocr_line' id='line_1_3' title="bbox 117 349 1510 419; baseline -0.004 -13"><span class='ocrx_word' id='word_1_9' title='bbox 117 373 254 419; x_wconf 69' lang='lat' dir='ltr'>nex,</span> <span class='ocrx_word' id='word_1_10' title='bbox 295 358 345 404; x_wconf 90' lang='lat' dir='ltr'>in</span> <span class='ocrx_word' id='word_1_11' title='bbox 380 352 784 403; x_wconf 82' lang='lat' dir='ltr'>circumferentia</span> <span class='ocrx_word' id='word_1_12' title='bbox 831 351 1075 417; x_wconf 90' lang='lat' dir='ltr'>sculptis,</span> <span class='ocrx_word' id='word_1_13' title='bbox 1118 349 1418 401; x_wconf 76' lang='lat' dir='ltr'><strong>habebitur:</strong></span> <span class='ocrx_word' id='word_1_14' title='bbox 1458 352 1510 400; x_wconf 89' lang='lat' dir='ltr'>in</span> 
     </span>
     <span class='ocr_line' id='line_1_4' title="bbox 115 424 1510 503; baseline -0.004 -16"><span class='ocrx_word' id='word_1_15' title='bbox 115 438 215 487; x_wconf 86' lang='lat' dir='ltr'>alia</span> <span class='ocrx_word' id='word_1_16' title='bbox 258 455 382 487; x_wconf 89' lang='lat' dir='ltr'>vero</span> <span class='ocrx_word' id='word_1_17' title='bbox 428 447 572 503; x_wconf 88' lang='lat' dir='ltr'>parte</span> <span class='ocrx_word' id='word_1_18' title='bbox 623 434 918 501; x_wconf 85' lang='lat' dir='ltr'><strong>sculpentur</strong></span> <span class='ocrx_word' id='word_1_19' title='bbox 958 424 1313 499; x_wconf 87' lang='lat' dir='ltr'>arma&#39;Regni</span> <span class='ocrx_word' id='word_1_20' title='bbox 1353 437 1510 482; x_wconf 82' lang='lat' dir='ltr'>nostri</span> 
     </span>
     <span class='ocr_line' id='line_1_5' title="bbox 119 515 1512 587; baseline -0.003 -19"><span class='ocrx_word' id='word_1_21' title='bbox 119 520 412 587; x_wconf 86' lang='lat' dir='ltr'>Hungariae</span> <span class='ocrx_word' id='word_1_22' title='bbox 444 517 727 585; x_wconf 79' lang='lat' dir='ltr'>praedicti,</span> <span class='ocrx_word' id='word_1_23' title='bbox 767 533 888 565; x_wconf 87' lang='lat' dir='ltr'>crux</span> <span class='ocrx_word' id='word_1_24' title='bbox 933 515 1179 565; x_wconf 85' lang='lat' dir='ltr'>videlicet</span> <span class='ocrx_word' id='word_1_25' title='bbox 1214 515 1475 583; x_wconf 87' lang='lat' dir='ltr'>duplicata</span> <span class='ocrx_word' id='word_1_26' title='bbox 1497 552 1512 573; x_wconf 89' lang='lat'><em>‚</em></span> 
     </span>
     <span class='ocr_line' id='line_1_6' title="bbox 120 598 1508 664; baseline -0.004 -13"><span class='ocrx_word' id='word_1_27' title='bbox 120 613 184 651; x_wconf 83' lang='lat' dir='ltr'>·et</span> <span class='ocrx_word' id='word_1_28' title='bbox 205 601 335 651; x_wconf 87' lang='lat' dir='ltr'>duae</span> <span class='ocrx_word' id='word_1_29' title='bbox 371 601 550 649; x_wconf 84' lang='lat' dir='ltr'>literae</span> <span class='ocrx_word' id='word_1_30' title='bbox 589 598 734 657; x_wconf 88' lang='lat' dir='ltr'>hinc,</span> <span class='ocrx_word' id='word_1_31' title='bbox 773 610 821 647; x_wconf 89' lang='lat' dir='ltr'>et</span> <span class='ocrx_word' id='word_1_32' title='bbox 849 598 997 661; x_wconf 85' lang='lat' dir='ltr'>hinc,</span> <span class='ocrx_word' id='word_1_33' title='bbox 1036 614 1248 663; x_wconf 86' lang='lat' dir='ltr'>quarum</span> <span class='ocrx_word' id='word_1_34' title='bbox 1280 602 1447 664; x_wconf 88' lang='lat' dir='ltr'>prima</span> <span class='ocrx_word' id='word_1_35' title='bbox 1480 615 1508 646; x_wconf 88' lang='lat' dir='ltr'>a</span> 
     </span>
     <span class='ocr_line' id='line_1_7' title="bbox 122 679 1511 748; baseline -0.001 -17"><span class='ocrx_word' id='word_1_36' title='bbox 122 681 306 734; x_wconf 83' lang='lat' dir='ltr'>dextra</span> <span class='ocrx_word' id='word_1_37' title='bbox 334 693 484 748; x_wconf 84' lang='lat' dir='ltr'>parte</span> <span class='ocrx_word' id='word_1_38' title='bbox 517 683 732 729; x_wconf 86' lang='lat' dir='ltr'>civitatis</span> <span class='ocrx_word' id='word_1_39' title='bbox 763 679 1156 729; x_wconf 87' lang='lat' dir='ltr'>Cremniciensis</span> <span class='ocrx_word' id='word_1_40' title='bbox 1185 679 1511 747; x_wconf 82' lang='lat' dir='ltr'>praedictae,</span> 
     </span>
     <span class='ocr_line' id='line_1_8' title="bbox 121 758 1508 829; baseline -0.002 -15"><span class='ocrx_word' id='word_1_41' title='bbox 121 766 281 814; x_wconf 85' lang='lat' dir='ltr'>altera</span> <span class='ocrx_word' id='word_1_42' title='bbox 316 758 441 812; x_wconf 86' lang='lat' dir='ltr'>vero</span> <span class='ocrx_word' id='word_1_43' title='bbox 475 779 502 810; x_wconf 90' lang='lat' dir='ltr'>a</span> <span class='ocrx_word' id='word_1_44' title='bbox 542 765 736 810; x_wconf 85' lang='lat' dir='ltr'>sinistra</span> <span class='ocrx_word' id='word_1_45' title='bbox 776 774 920 829; x_wconf 87' lang='lat' dir='ltr'>parte</span> <span class='ocrx_word' id='word_1_46' title='bbox 964 766 1125 827; x_wconf 82' lang='lat' dir='ltr'>crucis</span> <span class='ocrx_word' id='word_1_47' title='bbox 1157 762 1369 812; x_wconf 91' lang='lat' dir='ltr'>Comitis</span> <span class='ocrx_word' id='word_1_48' title='bbox 1416 762 1508 812; x_wconf 88' lang='lat' dir='ltr'>Ca-</span> 
     </span>
     <span class='ocr_line' id='line_1_9' title="bbox 119 835 1506 911; baseline -0.001 -16"><span class='ocrx_word' id='word_1_49' title='bbox 119 863 292 895; x_wconf 85' lang='lat' dir='ltr'>merae</span> <span class='ocrx_word' id='word_1_50' title='bbox 315 848 535 893; x_wconf 87' lang='lat' dir='ltr'>nominis</span> <span class='ocrx_word' id='word_1_51' title='bbox 565 848 728 911; x_wconf 88' lang='lat' dir='ltr'>prima</span> <span class='ocrx_word' id='word_1_52' title='bbox 758 844 908 892; x_wconf 82' lang='lat' dir='ltr'>litera</span> <span class='ocrx_word' id='word_1_53' title='bbox 937 855 1040 903; x_wconf 87' lang='lat' dir='ltr'>est,</span> <span class='ocrx_word' id='word_1_54' title='bbox 1079 846 1129 892; x_wconf 90' lang='lat' dir='ltr'>in</span> <span class='ocrx_word' id='word_1_55' title='bbox 1159 835 1391 910; x_wconf 78' lang='lat' dir='ltr'>mar‘gine</span> <span class='ocrx_word' id='word_1_56' title='bbox 1421 862 1506 893; x_wconf 89' lang='lat' dir='ltr'>ve-</span> 
     </span>
     <span class='ocr_line' id='line_1_10' title="bbox 116 924 1508 993; baseline -0.001 -15"><span class='ocrx_word' id='word_1_57' title='bbox 116 945 172 978; x_wconf 85' lang='lat' dir='ltr'>ro</span> <span class='ocrx_word' id='word_1_58' title='bbox 210 927 735 977; x_wconf 80' lang='lat' dir='ltr'>circumferentialiter</span> <span class='ocrx_word' id='word_1_59' title='bbox 777 926 1073 993; x_wconf 86' lang='lat' dir='ltr'>sculpentur</span> <span class='ocrx_word' id='word_1_60' title='bbox 1104 924 1353 974; x_wconf 87' lang='lat' dir='ltr'>dictiones</span> <span class='ocrx_word' id='word_1_61' title='bbox 1381 930 1508 976; x_wconf 79' lang='lat' dir='ltr'>istae</span> 
     </span>
     <span class='ocr_line' id='line_1_11' title="bbox 115 1008 1504 1075; baseline -0.002 -13"><span class='ocrx_word' id='word_1_62' title='bbox 115 1010 218 1062; x_wconf 62' lang='grc' dir='ltr'>διο.</span> <span class='ocrx_word' id='word_1_63' title='bbox 250 1010 493 1060; x_wconf 86' lang='lat' dir='ltr'>videlicet</span> <span class='ocrx_word' id='word_1_64' title='bbox 540 1009 696 1075; x_wconf 85' lang='lat' dir='ltr'>Regis</span> <span class='ocrx_word' id='word_1_65' title='bbox 726 1009 1019 1075; x_wconf 84' lang='lat' dir='ltr'>Hungariae</span> <span class='ocrx_word' id='word_1_66' title='bbox 1053 1008 1155 1058; x_wconf 85' lang='lat' dir='ltr'>&amp;c.</span> <span class='ocrx_word' id='word_1_67' title='bbox 1227 1008 1295 1056; x_wconf 90' lang='lat' dir='ltr'>Ut</span> <span class='ocrx_word' id='word_1_68' title='bbox 1334 1020 1504 1059; x_wconf 87' lang='lat' dir='ltr'>autem</span> 
     </span>
     <span class='ocr_line' id='line_1_12' title="bbox 113 1089 1507 1161; baseline -0.001 -20"><span class='ocrx_word' id='word_1_69' title='bbox 113 1096 226 1161; x_wconf 83' lang='lat' dir='ltr'>ipsa</span> <span class='ocrx_word' id='word_1_70' title='bbox 255 1104 457 1142; x_wconf 86' lang='lat' dir='ltr'>moneta</span> <span class='ocrx_word' id='word_1_71' title='bbox 489 1104 659 1141; x_wconf 89' lang='lat' dir='ltr'>nostra</span> <span class='ocrx_word' id='word_1_72' title='bbox 698 1089 935 1158; x_wconf 84' lang='lat' dir='ltr'>argentea</span> <span class='ocrx_word' id='word_1_73' title='bbox 966 1090 1056 1139; x_wconf 87' lang='lat' dir='ltr'>sub</span> <span class='ocrx_word' id='word_1_74' title='bbox 1091 1089 1274 1139; x_wconf 88' lang='lat' dir='ltr'>debitis</span> <span class='ocrx_word' id='word_1_75' title='bbox 1322 1091 1425 1157; x_wconf 88' lang='lat' dir='ltr'>liga</span> <span class='ocrx_word' id='word_1_76' title='bbox 1454 1101 1507 1140; x_wconf 90' lang='lat' dir='ltr'>et</span> 
     </span>
     <span class='ocr_line' id='line_1_13' title="bbox 114 1168 1504 1239; baseline -0.001 -15"><span class='ocrx_word' id='word_1_77' title='bbox 114 1168 327 1224; x_wconf 77' lang='lat' dir='ltr'>humero</span> <span class='ocrx_word' id='word_1_78' title='bbox 360 1172 576 1222; x_wconf 86' lang='lat' dir='ltr'>cudatur</span> <span class='ocrx_word' id='word_1_79' title='bbox 598 1206 612 1225; x_wconf 89' lang='lat'><em>,</em></span> <span class='ocrx_word' id='word_1_80' title='bbox 651 1176 1033 1229; x_wconf 79' lang='lat' dir='ltr'>commisimus,</span> <span class='ocrx_word' id='word_1_81' title='bbox 1071 1184 1120 1220; x_wconf 88' lang='lat' dir='ltr'>et</span> <span class='ocrx_word' id='word_1_82' title='bbox 1154 1173 1504 1239; x_wconf 84' lang='lat' dir='ltr'>praesentibus</span> 
     </span>
     <span class='ocr_line' id='line_1_14' title="bbox 112 1236 1502 1323; baseline 0.001 -19"><span class='ocrx_word' id='word_1_83' title='bbox 112 1236 477 1304; x_wconf 69' lang='lat' dir='ltr'>committimus</span> <span class='ocrx_word' id='word_1_84' title='bbox 509 1271 709 1302; x_wconf 88' lang='lat' dir='ltr'>summo</span> <span class='ocrx_word' id='word_1_85' title='bbox 751 1253 1015 1303; x_wconf 85' lang='lat' dir='ltr'>Probatori</span> <span class='ocrx_word' id='word_1_86' title='bbox 1060 1266 1269 1314; x_wconf 86' lang='lat' dir='ltr'>nostro,</span> <span class='ocrx_word' id='word_1_87' title='bbox 1306 1265 1360 1303; x_wconf 91' lang='lat' dir='ltr'>ut</span> <span class='ocrx_word' id='word_1_88' title='bbox 1391 1258 1502 1323; x_wconf 84' lang='lat' dir='ltr'>ipse</span> 
     </span>
     <span class='ocr_line' id='line_1_15' title="bbox 101 1334 1500 1405; baseline 0.002 -20"><span class='ocrx_word' id='word_1_89' title='bbox 101 1353 203 1405; x_wconf 11' lang='lat' dir='ltr'>*per</span> <span class='ocrx_word' id='word_1_90' title='bbox 234 1355 318 1390; x_wconf 86' lang='lat' dir='ltr'>se,</span> <span class='ocrx_word' id='word_1_91' title='bbox 356 1336 442 1384; x_wconf 86' lang='lat' dir='ltr'>vel</span> <span class='ocrx_word' id='word_1_92' title='bbox 468 1353 559 1402; x_wconf 90' lang='lat' dir='ltr'>per</span> <span class='ocrx_word' id='word_1_93' title='bbox 591 1334 798 1384; x_wconf 82' lang='lat' dir='ltr'>fidelem</span> <span class='ocrx_word' id='word_1_94' title='bbox 829 1336 1154 1386; x_wconf 88' lang='lat' dir='ltr'>substitutum</span> <span class='ocrx_word' id='word_1_95' title='bbox 1185 1354 1329 1387; x_wconf 88' lang='lat' dir='ltr'>suum</span> <span class='ocrx_word' id='word_1_96' title='bbox 1351 1379 1366 1401; x_wconf 87' lang='lat'>,</span> <span class='ocrx_word' id='word_1_97' title='bbox 1400 1356 1500 1388; x_wconf 87' lang='lat' dir='ltr'>una</span> 
     </span>
     <span class='ocr_line' id='line_1_16' title="bbox 106 1414 1498 1484; baseline 0.003 -20"><span class='ocrx_word' id='word_1_98' title='bbox 106 1432 223 1464; x_wconf 90' lang='lat' dir='ltr'>cum</span> <span class='ocrx_word' id='word_1_99' title='bbox 259 1414 466 1464; x_wconf 83' lang='lat' dir='ltr'>homine</span> <span class='ocrx_word' id='word_1_100' title='bbox 496 1415 943 1483; x_wconf 82' lang='lat' dir='ltr'>Archiepiscopali</span> <span class='ocrx_word' id='word_1_101' title='bbox 977 1418 1186 1484; x_wconf 86' lang='lat' dir='ltr'>singulis</span> <span class='ocrx_word' id='word_1_102' title='bbox 1213 1417 1498 1468; x_wconf 89' lang='lat' dir='ltr'>fusionibus</span> 
     </span>
     <span class='ocr_line' id='line_1_17' title="bbox 107 1497 1493 1566; baseline 0.001 -22"><span class='ocrx_word' id='word_1_103' title='bbox 107 1512 193 1544; x_wconf 84' lang='lat' dir='ltr'>seu</span> <span class='ocrx_word' id='word_1_104' title='bbox 238 1497 683 1544; x_wconf 84' lang='lat' dir='ltr'>commixtionibus</span> <span class='ocrx_word' id='word_1_105' title='bbox 714 1502 920 1563; x_wconf 82' lang='lat' dir='ltr'>argenti</span> <span class='ocrx_word' id='word_1_106' title='bbox 943 1539 957 1558; x_wconf 91' lang='lat'>,</span> <span class='ocrx_word' id='word_1_107' title='bbox 996 1510 1044 1546; x_wconf 88' lang='lat' dir='ltr'>et</span> <span class='ocrx_word' id='word_1_108' title='bbox 1090 1501 1233 1566; x_wconf 88' lang='lat' dir='ltr'>cupri</span> <span class='ocrx_word' id='word_1_109' title='bbox 1265 1502 1493 1557; x_wconf 87' lang='lat' dir='ltr'>intersit,</span> 
     </span>
     <span class='ocr_line' id='line_1_18' title="bbox 107 1577 1494 1646; baseline 0.002 -21"><span class='ocrx_word' id='word_1_110' title='bbox 107 1587 156 1625; x_wconf 90' lang='lat' dir='ltr'>et</span> <span class='ocrx_word' id='word_1_111' title='bbox 186 1580 235 1625; x_wconf 91' lang='lat' dir='ltr'>in</span> <span class='ocrx_word' id='word_1_112' title='bbox 265 1577 487 1640; x_wconf 79' lang='lat' dir='ltr'>qualibet</span> <span class='ocrx_word' id='word_1_113' title='bbox 516 1578 712 1625; x_wconf 86' lang='lat' dir='ltr'>fusione</span> <span class='ocrx_word' id='word_1_114' title='bbox 734 1578 797 1625; x_wconf 86' lang='lat' dir='ltr'>de</span> <span class='ocrx_word' id='word_1_115' title='bbox 823 1580 1030 1644; x_wconf 88' lang='lat' dir='ltr'>virgulis</span> <span class='ocrx_word' id='word_1_116' title='bbox 1052 1590 1216 1627; x_wconf 84' lang='lat' dir='ltr'>sumat</span> <span class='ocrx_word' id='word_1_117' title='bbox 1238 1578 1339 1627; x_wconf 89' lang='lat' dir='ltr'>duo</span> <span class='ocrx_word' id='word_1_118' title='bbox 1370 1597 1494 1646; x_wconf 91' lang='lat' dir='ltr'>pon-</span> 
     </span>
     <span class='ocr_line' id='line_1_19' title="bbox 103 1656 1542 1724; baseline 0.001 -17"><span class='ocrx_word' id='word_1_119' title='bbox 103 1656 262 1716; x_wconf 87' lang='lat' dir='ltr'>dera,</span> <span class='ocrx_word' id='word_1_120' title='bbox 316 1674 402 1705; x_wconf 87' lang='lat' dir='ltr'>seu</span> <span class='ocrx_word' id='word_1_121' title='bbox 457 1662 654 1724; x_wconf 84' lang='lat' dir='ltr'>piseta‚</span> <span class='ocrx_word' id='word_1_122' title='bbox 704 1675 922 1723; x_wconf 86' lang='lat' dir='ltr'>quorum</span> <span class='ocrx_word' id='word_1_123' title='bbox 969 1675 1126 1708; x_wconf 89' lang='lat' dir='ltr'>unum</span> <span class='ocrx_word' id='word_1_124' title='bbox 1189 1660 1487 1710; x_wconf 82' lang='lat' dir='ltr'>immediate</span> <span class='ocrx_word' id='word_1_125' title='bbox 1539 1689 1542 1692; x_wconf 88' lang='lat'><strong>·</strong></span> 
     </span>
     <span class='ocr_line' id='line_1_20' title="bbox 102 1740 1490 1809; baseline 0.002 -20"><span class='ocrx_word' id='word_1_126' title='bbox 102 1740 371 1809; x_wconf 81' lang='lat' dir='ltr'>probabit,</span> <span class='ocrx_word' id='word_1_127' title='bbox 420 1740 636 1788; x_wconf 84' lang='lat' dir='ltr'>alterum</span> <span class='ocrx_word' id='word_1_128' title='bbox 689 1757 813 1789; x_wconf 89' lang='lat' dir='ltr'>vero</span> <span class='ocrx_word' id='word_1_129' title='bbox 865 1758 966 1789; x_wconf 91' lang='lat' dir='ltr'>non</span> <span class='ocrx_word' id='word_1_130' title='bbox 1015 1740 1287 1808; x_wconf 80' lang='lat' dir='ltr'>probatum</span> <span class='ocrx_word' id='word_1_131' title='bbox 1341 1744 1490 1792; x_wconf 88' lang='lat' dir='ltr'>simul</span> 
     </span>
     <span class='ocr_line' id='line_1_21' title="bbox 104 1820 1488 1891; baseline 0.002 -20"><span class='ocrx_word' id='word_1_132' title='bbox 104 1839 220 1871; x_wconf 84' lang='lat' dir='ltr'>cum</span> <span class='ocrx_word' id='word_1_133' title='bbox 250 1832 457 1887; x_wconf 84' lang='lat' dir='ltr'>argento</span> <span class='ocrx_word' id='word_1_134' title='bbox 490 1839 551 1869; x_wconf 89' lang='lat' dir='ltr'>ex</span> <span class='ocrx_word' id='word_1_135' title='bbox 588 1820 881 1886; x_wconf 90' lang='lat' dir='ltr'>hujusmodi</span> <span class='ocrx_word' id='word_1_136' title='bbox 917 1838 1016 1871; x_wconf 92' lang='lat' dir='ltr'>uno</span> <span class='ocrx_word' id='word_1_137' title='bbox 1046 1822 1277 1889; x_wconf 89' lang='lat' dir='ltr'>pondere</span> <span class='ocrx_word' id='word_1_138' title='bbox 1305 1824 1488 1891; x_wconf 89' lang='lat' dir='ltr'>proba-</span> 
     </span>
     <span class='ocr_line' id='line_1_22' title="bbox 100 1904 1484 1969; baseline 0.001 -15"><span class='ocrx_word' id='word_1_139' title='bbox 100 1915 152 1954; x_wconf 84' lang='lat' dir='ltr'>to</span> <span class='ocrx_word' id='word_1_140' title='bbox 182 1904 455 1952; x_wconf 87' lang='lat' dir='ltr'>resultante</span> <span class='ocrx_word' id='word_1_141' title='bbox 485 1920 579 1969; x_wconf 84' lang='lat' dir='ltr'>pro</span> <span class='ocrx_word' id='word_1_142' title='bbox 610 1914 779 1951; x_wconf 86' lang='lat' dir='ltr'>nostra</span> <span class='ocrx_word' id='word_1_143' title='bbox 803 1905 1076 1967; x_wconf 88' lang='lat' dir='ltr'>Majestate</span> <span class='ocrx_word' id='word_1_144' title='bbox 1109 1905 1361 1963; x_wconf 84' lang='lat' dir='ltr'>servabit,</span> <span class='ocrx_word' id='word_1_145' title='bbox 1390 1923 1484 1955; x_wconf 90' lang='lat' dir='ltr'>nec</span> 
     </span>
     <span class='ocr_line' id='line_1_23' title="bbox 99 1984 1539 2056; baseline 0.002 -22"><span class='ocrx_word' id='word_1_146' title='bbox 99 1989 237 2055; x_wconf 85' lang='lat' dir='ltr'>prius</span> <span class='ocrx_word' id='word_1_147' title='bbox 268 1984 331 2033; x_wconf 91' lang='lat' dir='ltr'>de</span> <span class='ocrx_word' id='word_1_148' title='bbox 363 2002 479 2033; x_wconf 80' lang='lat' dir='ltr'>aere</span> <span class='ocrx_word' id='word_1_149' title='bbox 521 1985 690 2033; x_wconf 88' lang='lat' dir='ltr'>taliter</span> <span class='ocrx_word' id='word_1_150' title='bbox 721 1984 929 2033; x_wconf 81' lang='lat' dir='ltr'>confuso</span> <span class='ocrx_word' id='word_1_151' title='bbox 962 1999 1189 2036; x_wconf 81' lang='lat' dir='ltr'>monetas</span> <span class='ocrx_word' id='word_1_152' title='bbox 1225 1987 1339 2036; x_wconf 92' lang='lat' dir='ltr'>cudi</span> <span class='ocrx_word' id='word_1_153' title='bbox 1371 2006 1486 2056; x_wconf 86' lang='lat' dir='ltr'>per·</span> <span class='ocrx_word' id='word_1_154' title='bbox 1535 2026 1539 2030; x_wconf 84' lang='lat'>.</span> 
     </span>
     <span class='ocr_line' id='line_1_24' title="bbox 96 2065 1482 2130; baseline 0.002 -13"><span class='ocrx_word' id='word_1_155' title='bbox 96 2071 262 2117; x_wconf 88' lang='lat' dir='ltr'>mittet</span> <span class='ocrx_word' id='word_1_156' title='bbox 283 2108 298 2130; x_wconf 86' lang='lat'>,</span> <span class='ocrx_word' id='word_1_157' title='bbox 338 2065 503 2125; x_wconf 80' lang='lat' dir='ltr'>done&#39;c</span> <span class='ocrx_word' id='word_1_158' title='bbox 527 2069 794 2115; x_wconf 88' lang='lat' dir='ltr'>mixturam</span> <span class='ocrx_word' id='word_1_159' title='bbox 817 2066 1097 2116; x_wconf 89' lang='lat' dir='ltr'>secundum</span> <span class='ocrx_word' id='word_1_160' title='bbox 1124 2069 1482 2120; x_wconf 86' lang='lat' dir='ltr'>limitationem</span> 
     </span>
     <span class='ocr_line' id='line_1_25' title="bbox 94 2148 1478 2220; baseline 0.001 -21"><span class='ocrx_word' id='word_1_161' title='bbox 94 2148 411 2220; x_wconf 83' lang='lat' dir='ltr'>praedictam</span> <span class='ocrx_word' id='word_1_162' title='bbox 474 2152 579 2197; x_wconf 90' lang='lat' dir='ltr'>sine</span> <span class='ocrx_word' id='word_1_163' title='bbox 625 2148 802 2197; x_wconf 80' lang='lat' dir='ltr'>fraude</span> <span class='ocrx_word' id='word_1_164' title='bbox 855 2155 1041 2218; x_wconf 85' lang='lat' dir='ltr'>reperit</span> <span class='ocrx_word' id='word_1_165' title='bbox 1093 2168 1200 2200; x_wconf 88' lang='lat' dir='ltr'>esse</span> <span class='ocrx_word' id='word_1_166' title='bbox 1255 2151 1478 2210; x_wconf 84' lang='lat' dir='ltr'>factam,</span> 
     </span>
     <span class='ocr_line' id='line_1_26' title="bbox 93 2232 1474 2299; baseline 0.001 -17"><span class='ocrx_word' id='word_1_167' title='bbox 93 2243 301 2283; x_wconf 86' lang='lat' dir='ltr'>moneta</span> <span class='ocrx_word' id='word_1_168' title='bbox 332 2249 455 2281; x_wconf 90' lang='lat' dir='ltr'>vero</span> <span class='ocrx_word' id='word_1_169' title='bbox 502 2247 650 2287; x_wconf 84' lang='lat' dir='ltr'>cusa,</span> <span class='ocrx_word' id='word_1_170' title='bbox 688 2232 932 2298; x_wconf 89' lang='lat' dir='ltr'>probator</span> <span class='ocrx_word' id='word_1_171' title='bbox 960 2236 1068 2299; x_wconf 87' lang='lat' dir='ltr'>ipse</span> <span class='ocrx_word' id='word_1_172' title='bbox 1109 2245 1273 2283; x_wconf 90' lang='lat' dir='ltr'>sumet</span> <span class='ocrx_word' id='word_1_173' title='bbox 1315 2233 1378 2282; x_wconf 91' lang='lat' dir='ltr'>de</span> <span class='ocrx_word' id='word_1_174' title='bbox 1415 2251 1474 2282; x_wconf 82' lang='lat' dir='ltr'>ea</span> 
     </span>
     <span class='ocr_line' id='line_1_27' title="bbox 95 2311 1477 2379; baseline 0 -16"><span class='ocrx_word' id='word_1_175' title='bbox 95 2325 290 2364; x_wconf 89' lang='lat' dir='ltr'>certum</span> <span class='ocrx_word' id='word_1_176' title='bbox 325 2330 591 2362; x_wconf 89' lang='lat' dir='ltr'>numerum</span> <span class='ocrx_word' id='word_1_177' title='bbox 628 2311 987 2375; x_wconf 87' lang='lat' dir='ltr'>denariorum,</span> <span class='ocrx_word' id='word_1_178' title='bbox 1025 2330 1241 2379; x_wconf 89' lang='lat' dir='ltr'>quorum</span> <span class='ocrx_word' id='word_1_179' title='bbox 1286 2314 1477 2364; x_wconf 86' lang='lat' dir='ltr'>medie-</span> 
     </span>
     <span class='ocr_line' id='line_1_28' title="bbox 92 2394 1476 2461; baseline 0.002 -17"><span class='ocrx_word' id='word_1_180' title='bbox 92 2407 249 2449; x_wconf 79' lang='lat' dir='ltr'>tatem</span> <span class='ocrx_word' id='word_1_181' title='bbox 282 2394 576 2444; x_wconf 83' lang='lat' dir='ltr'>immediate</span> <span class='ocrx_word' id='word_1_182' title='bbox 628 2395 893 2461; x_wconf 81' lang='lat' dir='ltr'>probabit,</span> <span class='ocrx_word' id='word_1_183' title='bbox 942 2397 1155 2446; x_wconf 89' lang='lat' dir='ltr'>alteram</span> <span class='ocrx_word' id='word_1_184' title='bbox 1202 2415 1326 2448; x_wconf 90' lang='lat' dir='ltr'>vero</span> <span class='ocrx_word' id='word_1_185' title='bbox 1372 2416 1476 2447; x_wconf 89' lang='lat' dir='ltr'>me-</span> 
     </span>
     <span class='ocr_line' id='line_1_29' title="bbox 92 2473 1474 2544; baseline 0.003 -20"><span class='ocrx_word' id='word_1_186' title='bbox 92 2473 336 2524; x_wconf 85' lang='lat' dir='ltr'>dietatem</span> <span class='ocrx_word' id='word_1_187' title='bbox 370 2477 519 2527; x_wconf 88' lang='lat' dir='ltr'>simul</span> <span class='ocrx_word' id='word_1_188' title='bbox 550 2492 665 2524; x_wconf 90' lang='lat' dir='ltr'>cum</span> <span class='ocrx_word' id='word_1_189' title='bbox 701 2489 908 2544; x_wconf 88' lang='lat' dir='ltr'>argento</span> <span class='ocrx_word' id='word_1_190' title='bbox 943 2494 1006 2526; x_wconf 90' lang='lat' dir='ltr'>ex</span> <span class='ocrx_word' id='word_1_191' title='bbox 1045 2476 1336 2541; x_wconf 88' lang='lat' dir='ltr'>hujusmodi</span> <span class='ocrx_word' id='word_1_192' title='bbox 1367 2496 1474 2528; x_wconf 89' lang='lat' dir='ltr'>mo-</span> 
     </span>
     <span class='ocr_line' id='line_1_30' title="bbox 91 2558 1470 2624; baseline 0.004 -19"><span class='ocrx_word' id='word_1_193' title='bbox 91 2569 208 2605; x_wconf 89' lang='lat' dir='ltr'>neta</span> <span class='ocrx_word' id='word_1_194' title='bbox 233 2561 517 2607; x_wconf 82' lang='lat' dir='ltr'>examinata</span> <span class='ocrx_word' id='word_1_195' title='bbox 560 2558 861 2618; x_wconf 80' lang='lat' dir='ltr'>resultante,</span> <span class='ocrx_word' id='word_1_196' title='bbox 898 2558 1129 2607; x_wconf 88' lang='lat' dir='ltr'>similiter</span> <span class='ocrx_word' id='word_1_197' title='bbox 1165 2576 1259 2624; x_wconf 89' lang='lat' dir='ltr'>pro</span> <span class='ocrx_word' id='word_1_198' title='bbox 1297 2572 1470 2611; x_wconf 82' lang='lat' dir='ltr'>nostra</span> 
     </span>
     <span class='ocr_line' id='line_1_31' title="bbox 89 2639 1469 2709; baseline 0.003 -22"><span class='ocrx_word' id='word_1_199' title='bbox 89 2639 369 2687; x_wconf 88' lang='lat' dir='ltr'>reservabit</span> <span class='ocrx_word' id='word_1_200' title='bbox 396 2640 697 2702; x_wconf 86' lang='lat' dir='ltr'>Majestate:</span> <span class='ocrx_word' id='word_1_201' title='bbox 734 2657 830 2688; x_wconf 89' lang='lat' dir='ltr'>nec</span> <span class='ocrx_word' id='word_1_202' title='bbox 859 2644 998 2707; x_wconf 89' lang='lat' dir='ltr'>prius</span> <span class='ocrx_word' id='word_1_203' title='bbox 1017 2652 1275 2690; x_wconf 87' lang='lat' dir='ltr'>monetam</span> <span class='ocrx_word' id='word_1_204' title='bbox 1306 2646 1469 2709; x_wconf 88' lang='lat' dir='ltr'>ipsam</span> 
     </span>
     <span class='ocr_line' id='line_1_32' title="bbox 88 2715 1466 2787; baseline 0.004 -20"><span class='ocrx_word' id='word_1_205' title='bbox 88 2715 263 2787; x_wconf 81' lang='lat' dir='ltr'>egredi</span> <span class='ocrx_word' id='word_1_206' title='bbox 295 2723 556 2786; x_wconf 84' lang='lat' dir='ltr'>permittat</span> <span class='ocrx_word' id='word_1_207' title='bbox 588 2719 653 2768; x_wconf 86' lang='lat' dir='ltr'>de</span> <span class='ocrx_word' id='word_1_208' title='bbox 686 2719 929 2785; x_wconf 81' lang='lat' dir='ltr'>Camera,</span> <span class='ocrx_word' id='word_1_209' title='bbox 968 2719 1135 2772; x_wconf 86' lang='lat' dir='ltr'>donec</span> <span class='ocrx_word' id='word_1_210' title='bbox 1164 2724 1216 2772; x_wconf 90' lang='lat' dir='ltr'>in</span> <span class='ocrx_word' id='word_1_211' title='bbox 1254 2739 1466 2777; x_wconf 86' lang='lat' dir='ltr'>numero</span> 
     </span>
    </p>
   </div>
  </div>
 </body>
</html>
