1690 3016
246 208 262 241 1
276 199 335 249 26
395 210 400 215 “
505 217 508 219 ·
639 233 643 235 μ
737 197 1099 242 omnem&

236 304 344 369 ptio
370 312 463 349 est:
502 300 729 346 Johamza
762 299 906 346 Fer-d.
936 298 1082 347 Paefflzm
1123 298 1246 355 Imp.
1284 296 1421 341 Filia.
1453 297 1580 342 Arm.

230 377 500 429 MDLXI.
537 380 592 426 In
628 379 787 427 altero
821 379 1034 445 legitur:
1071 364 1272 426 Joanna
1294 369 1507 423 Floreat.
1535 383 1584 424 et

239 460 415 511 Senar.
448 462 707 510 Archiduo.
740 463 994 508 Austrtssae
1059 460 1114 507 In
1154 460 1325 506 tertio:
1389 455 1586 504 Joarma

239 543 510 589 Ausci-laea
542 542 734 602 Magna
767 544 982 587 Duc-issa
1013 540 1266 586 Etruriae.
1314 525 1372 584 Ϊη
1409 545 1581 599 quarto

239 623 434 671 funebri
463 640 474 669 τ
510 623 705 669 Joatma
729 627 996 670 Austriaca
1017 621 1163 685 ¹Mag.
1194 622 1314 667 Dux
1339 618 1585 665 Etruriae.

241 705 359 752 Pars
398 719 572 751 aversa
603 702 803 752 exhibet
831 704 1050 767 aquilam
1080 719 1193 750 cum
1221 703 1437 764 quinque
1477 697 1590 764 pul-

239 787 300 836 lis
335 802 483 851 supra
539 785 694 834 nubes
752 786 1040 834 evolantem
1100 782 1272 832 addito
1324 782 1585 841 lemmate:

190 872 192 876 ’
242 870 332 915 Ad
359 869 566 918 Etbera.
635 868 957 932 Reliquarum
991 870 1138 915 trium
1185 862 1490 914 Ferdinandi
1535 863 1592 911 fi-

241 949 420 997 liarum
437 986 451 1008 ‚
490 952 844 1012 Margaretkae
885 961 935 997 et
960 951 1167 995 Helenae
1194 951 1244 996 in
1268 948 1588 1005 monasterio,

243 1039 293 1077 et
333 1031 537 1076 Ursulae
579 1042 717 1079 extra
748 1030 844 1079 hoc
873 1033 924 1078 in
950 1032 1208 1095 Juventute
1251 1040 1592 1095 mortuarum,

241 1112 378 1159 nulla
419 1112 484 1160 ibi
537 1123 804 1160 occurrunt
843 1098 1159 1160 numismata.
1232 1110 1481 1173 Hactenus
1527 1106 1590 1155 de

240 1193 604 1250 Mnemonicis,
642 1209 773 1240 nunc
803 1208 961 1260 pauca
994 1191 1056 1239 de
1086 1194 1340 1238 usualibus
1385 1191 1592 1236 monetis

241 1270 466 1327 eiusdem
498 1272 649 1339 Regis
685 1291 741 1320 ac
769 1274 1108 1339 Imperatoris,
1147 1273 1387 1333 Monetae
1414 1266 1590 1316 aureae

241 1351 590 1402 describuntur
627 1359 677 1403 in
711 1357 870 1404 Catal.
904 1371 954 1412 p.
994 1351 1101 1403 126.
1136 1369 1233 1414 seq.
1292 1353 1445 1400 Aurei
1477 1353 1592 1397 sim-

241 1434 400 1500 plices
431 1438 613 1500 partim
644 1436 933 1494 Cremnicii‚
970 1438 1152 1501 partim
1182 1433 1503 1497 Nagybaniae
1531 1433 1592 1479 si-

165 1527 168 1529 ’
242 1518 380 1578 gnati
405 1526 584 1581 typum
615 1519 826 1564 retinent
851 1515 939 1564 sub
983 1515 1257 1566 Wadislao
1293 1512 1369 1561 II.
1419 1523 1467 1560 et
1497 1512 1590 1558 Lu-

244 1595 420 1638 dovico
454 1593 534 1640 II.
572 1598 832 1657 usitatum,
870 1611 1051 1660 nempe
1084 1591 1300 1658 effigiem
1340 1590 1456 1639 hinc
1477 1590 1601 1638 Dei-²

245 1690 422 1740 Parae,
461 1674 578 1723 inde
609 1676 657 1723 S·
686 1674 908 1724 Lad‘islai
938 1675 1093 1722 solitis
1142 1690 1255 1721 cum
1315 1672 1590 1731 attributis,

248 1753 336 1802 sed
372 1754 540 1804 addita
572 1755 697 1804 infra
724 1757 994 1822 Deiparam
1044 1750 1294 1821 parmula*
1314 1752 1589 1802 Austriaca.

248 1835 349 1884 Sub
381 1854 428 1886 n.
469 1841 544 1889 16.
574 1847 624 1882 et
656 1850 728 1895 17.
783 1838 971 1885 mentio
1011 1837 1064 1883 fit
1107 1850 1368 1884 aureorum
1418 1832 1590 1882 Perdi-

249 1915 402 1965 nandi
428 1933 541 1966 ann.
577 1922 719 1980 1564.
751 1927 798 1964 et
828 1915 967 1972 1567.
996 1918 1316 1981 signatorum:
1346 1901 1591 1979 posterior

249 2014 404 2046 annus
436 2010 539 2046 erat
567 1999 628 2046 ab
660 1998 798 2047 obitu
827 1997 971 2062 hujus
1003 1995 1154 2062 Regis
1191 1999 1479 2062 proximus,
1523 2005 1594 2042 at-

246 2096 343 2144 que
371 2079 484 2128 ideo
514 2084 786 2129 attentione
813 2079 1007 2146 dignus.
1077 2079 1305 2142 Sequitur
1332 2078 1506 2122 ibidem
1538 2093 1589 2134 p,

254 2175 360 2214 127.
412 2163 621 2210 Moneta
652 2164 813 2225 major
839 2169 1106 2224 argentea:
1146 2157 1301 2207 Solidi
1358 2146 1594 2217 Imperiass

243 2245 313 2288 les
339 2242 494 2307 vulgo
532 2242 748 2299 Thaleri‚
794 2245 1002 2308 integri,
1041 2257 1098 2288 ac
1126 2237 1304 2298 medii3
1342 2241 1420 2301 qui
1441 2241 1589 2285 etiam

240 2322 490 2384 unciales,
527 2332 574 2369 et
618 2323 947 2370 semunciales
1002 2318 1224 2369 audiunt.
1294 2314 1381 2366 De'
1423 2319 1588 2382 prima

240 2403 430 2469 origine
464 2418 674 2468 magnae
711 2400 924 2468 idgenus
952 2410 1183 2450 monetae
1216 2408 1484 2464 argenteae
1502 2413 1592 2444 va-

239 2486 367 2532 riant
394 2486 670 2550 opiniones.
741 2481 964 2550 Quidam
999 2491 1225 2538 censent,
1277 2482 1495 2545 primum
1531 2481 1611 2526 in'

242 2562 512 2614 Germania
547 2564 695 2615 fuisse
724 2564 979 2632 albertum
1001 2562 1345 2619 Ausa-mcum,
1377 2563 1459 2624 qui
1484 2558 1585 2606 Nu-

244 2659 351 2692 mos
384 2661 444 2711 eq<
482 2656 687 2712 argento
736 2644 959 2694 unciales
990 2659 1119 2692 anno
1168 2653 1307 2702 1429.
1365 2638 1587 2699 cuderit;
1623 2632 1631 2635 X

246 2722 330 2774 alii
347 2727 741 2791 antiquissimum
755 2734 990 2795 reputant
1003 2722 1250 2774 uncialem
1281 2716 1583 2788 sigismunde·
