1690 3016
136 262 230 295 212
472 291 473 294 ,
641 256 1018 299 *wesmo-

135 356 303 404 Num'o
340 356 734 419 emblemastco,
772 360 855 420 qui
900 357 1076 402 ibidem
1112 374 1161 415 p.
1218 368 1326 416 192.
1372 374 1422 405 n.
1468 375 1516 417 c).

136 435 469 493 describitur,
505 434 688 502 quique
722 454 868 486 cusus·
903 438 996 486 fuit
1031 440 1121 488 sub
1147 442 1346 487 initium
1401 444 1526 490 anni(

139 519 283 576 1664.
324 518 445 567 dum
479 523 528 574 in
558 519 830 569 Conventu
851 520 1210 570 Ratisbonensi
1237 520 1302 571 de
1335 523 1520 588 suppess

131 605 210 650 tiis
237 600 301 649 ad
331 601 642 666 Hungariam
685 602 946 651 mittendis
1004 601 1345 661 deliberatum
1405 613 1477 651 est
1501 639 1518 663 ‚

131 683 395 750 Principes
431 681 700 732 Christiani
746 681 813 732 ad
865 685 1059 734 bellum
1102 696 1278 734 contra
1322 682 1516 735 Turcas

129 770 279 815 unitis
308 766 500 815 viribus
538 765 822 833 gerendum
864 771 1167 816 animantur.
1209 769 1326 834 Quo
1351 756 1518 835 reipsa

129 864 262 896 anno
295 850 503 913 insignis
531 847 596 895 de
614 847 883 897 Christiani
916 852 1133 896 nominis
1168 848 1311 898 hoste
1344 846 1516 917 repor'-

128 939 230 977 tata
260 928 354 977 fuit
387 932 596 977 victoria
626 930 823 996 praelio
875 929 942 977 ad
988 928 1239 996 oppidum
1290 931 1340 977 S.
1368 933 1518 978 ‘Got-

127 1011 274 1056 lun-di
309 1014 599 1058 commisso.
674 1012 886 1059 Secutae
920 1022 1032 1059 sunt
1078 1009 1314 1059 induciae
1358 1027 1515 1076 usque

129 1091 194 1140 ad
224 1110 413 1141 annum
447 1094 590 1157 ¹⁶83·
631 1110 730 1158 quo
756 1091 993 1152 Turcae‚
1032 1109 1060 1141 a
1093 1093 1273 1141 rebelli
1302 1093 1512 1154 ΤΰΙιόΙίο

129 1178 397 1232 concitati,
436 1179 611 1224 castris
641 1182 799 1240 usque
828 1176 1083 1224 Viennam
1116 1169 1350 1226 Austriae
1397 1193 1521 1247 pro-¹r

49 1255 55 1263 '
125 1261 305 1316 motis,
341 1256 478 1323 hanc
513 1258 692 1306 urbem
715 1262 994 1307 arctissima
1014 1256 1283 1307 obsidione
1314 1261 1516 1323 cingen-

126 1349 201 1387 tes
229 1341 451 1386 maxima
481 1337 628 1387 clade
662 1320 857 1396 affecti,
896 1339 1155 1404 fugatique
1178 1350 1310 1388 sunt.
1346 1339 1514 1403 Histof

132 1424 236 1468 rica
277 1417 426 1484 h'ujus
460 1418 741 1467 obsidionis
773 1419 1078 1468 numismata
1116 1418 1391 1467 videantur
1421 1423 1510 1466 cit.

129 1505 294 1549 Catal.
321 1520 368 1561 p.
402 1511 679 1562 ¹93—198.
720 1501 898 1549 Altero
939 1512 1054 1568 post
1102 1517 1276 1562 mense
1315 1502 1419 1564 jam
1463 1509 1513 1547 et

126 1583 436 1648 strigonium
501 1582 658 1631 fuisse
707 1581 895 1631 Turcis
967 1593 1254 1640 extortum,
1303 1590 1512 1628 testatur

125 1664 322 1712 Nuinus
354 1665 540 1717 ibidem
562 1677 612 1723 pa
670 1674 778 1722 19&
831 1680 880 1711 n.
925 1676 1006 1722 34.
1053 1660 1358 1728 descriptus.
1428 1661 1513 1710 Se-

128 1757 370 1811 quentem
421 1762 611 1793 annum
680 1749 820 1803 1684.
875 1748 1052 1810 signat.
1087 1743 1353 1792 Numisma
1394 1759 1513 1792 con-

124 1810 491 1876 foederationis
522 1830 654 1876 inter
678 1827 807 1893 Imp.
850 1824 1183 1893 Leopoldum
1231 1827 1308 1874 M.
1358 1824 1511 1876 Joan-

125 1927 243 1958 nem
280 1909 341 1957 II.
402 1908 600 1975 Regem
657 1908 938 1972 poloniae,
1000 1919 1050 1956 et
1091 1909 1328 1956 Marcum
1387 1907 1507 1958 Ant.

126 1990 462 2047 Justinianum
526 1989 856 2038 Venetiarum
902 1991 1102 2038 Ducem
1163 1993 1346 2052 initae,
1415 2006 1511 2037 nec

125 2089 227 2121 non
272 2070 412 2122 aliud
461 2069 690 2135 ejusdem
719 2070 1212 2134 confoederationis,
1265 2073 1511 2120 accessio-

127 2170 190 2202 ne
242 2154 525 2201 Innocentii
560 2152 652 2200 XL
685 2150 734 2201 Ρ.
761 2155 835 2202 Μ.
888 2166 1094 2213 auctae,
1164 2155 1511 2216 (innataeque.

127 2234 336 2306 Ibidem⁴
370 2254 418 2284 n.
476 2250 553 2296 25.
605 2246 652 2281 et
703 2240 782 2286 26.
833 2235 973 2285 Tum
1023 2239 1155 2295 alia,
1208 2238 1513 2284 numismata

129 2330 384 2376 enarrant,
451 2316 646 2366 domito
701 2335 868 2367 rursus
905 2318 972 2367 ad
1017 2321 1324 2387 strigonium
1378 2319 1510 2367 fastu

128 2400 456 2449 Ottomnnico
482 2441 499 2463 ‚
562 2387 720 2449 Ersek
752 2401 1100 2467 -Ujvarinum
1157 2417 1290 2449 anno
1366 2405 1508 2460 1685.

129 2499 247 2530 cum
329 2482 561 2549 pluribus
632 2484 743 2532 aliis
789 2485 1021 2534 ‘urbibus
1073 2495 1124 2533 et
1182 2483 1384 2537 arcibus
1436 2501 1511 2531 re-

130 2575 462 2629 cuperatum,
514 2563 717 2614 Budam
781 2566 946 2632 Regni
999 2566 1510 2631 Hungariae·1netro-

127 2644 292 2714 polim
332 2647 473 2700 1686.
504 2647 694 2697 assultu
736 2659 1013 2714 receptam,
1057 2644 1336 2709 foedusque
1369 2663 1516 2694 reno·

87 2744 90 2753 ·
131 2737 306 2776 vatum
331 2732 474 2791 1687.
506 2729 784 2781 accedente
812 2728 1093 2780 Russoru'm
1129 2728 1382 2788 exercitu,
1435 2742 1511 2775 se·
