1690 3016
618 214 1000 267 -ooooeooess‘-
1084 277 1090 284 .
1397 211 1494 268 209

0 352 19 366 s
46 380 50 382 Ἴ
113 336 221 374 non
253 331 423 370 tamen
449 315 743 368 charactere
759 314 916 366 medii
946 318 1059 364 aevi
1085 315 1388 377 monastico,
1405 309 1497 363 sed

113 391 316 471 uulgari
348 419 598 467 romane,
635 412 685 451 et
718 417 834 450 cum
871 401 1010 467 siglis
1041 399 1176 447 aliis:
1214 395 1272 446 C.
1298 395 1361 444 V.
1406 396 1497 445 vel

114 487 177 537 A.
208 478 262 535 1.'
280 486 368 536 vel
395 485 461 535 N.
486 483 550 533 Β.
587 495 635 533 et
667 486 905 534 Protome
934 482 1180 548 Principis
1206 490 1283 529 est
1309 481 1382 528 uti
1412 479 1495 528 hic

116 568 183 616 N.
225 581 269 617 1.
296 565 623 615 describitur.
661 563 718 626 4)
765 577 1019 614 PATRONA
1061 578 1300 611 nvuean.
1350 566 1496 619 1642.

115 641 338 716 Deipara
374 647 604 697 nimbata
634 644 815 696 sedens
843 649 974 695 intra
996 644 1172 694 lunam
1193 643 1498 700 radiantem,

114 729 168 779 d.
202 740 344 779 tenet
378 719 635 796 sceptrum
654 770 671 792 ‚
704 745 743 777 s·
774 727 991 776 filiolum
1020 726 1325 775 nimbatum.
1345 729 1501 773 Aver-

53 857 68 870 ,
117 828 199 861 sa:
233 827 386 861 ozon.
422 828 583 874 naim.
618 828 673 860 n.
709 828 755 859 e.
787 826 891 860 rai.
922 825 1086 860 TRAN.
1124 809 1329 857 Scutum
1356 823 1499 856 coro·

114 906 323 954 natum,
361 894 607 944 exhibens
640 906 908 958 utrumque
939 894 1142 959 Insigne
1184 890 1495 958 Hungariae.

117 977 316 1043 Siglae:
354 976 418 1025 N.
448 977 508 1028 Β.
553 977 795 1023 Aureolus
818 975 962 1035 pond.
999 987 1076 1030 13.
1107 991 1182 1036 gr.
1213 975 1393 1019 Rarus
1444 972 1501 1025 P,

39 1070 42 1075 ’
113 1056 196 1107 11.
240 1059 404 1106 catal.
427 1077 475 1121 p.
505 1073 588 1122 49.
620 1074 666 1102 n.
700 1059 749 1106 ¹2.
796 1055 856 1118 5)
888 1072 1082 1106 saone.
1115 1067 1329 1113 nancel.
1361 1070 1425 1104 o:
1448 1073 1498 1104 s.
1547 1083 1551 1085 ·

117 1150 233 1189 mu.
269 1155 390 1189 ua.
441 1138 683 1188 Protome
720 1137 950 1201 ejusdem
982 1139 1149 1205 capite
1182 1135 1352 1197 nudo,
1387 1137 1502 1186 bar·

116 1220 249 1280 bati,
286 1221 513 1287 loricati,
547 1218 599 1267 d.
623 1230 882 1287 sceptrum
909 1218 1143 1277 tenentis,
1178 1235 1217 1267 s.
1258 1217 1503 1286 capulum

71 1306 79 1311 ’
116 1297 295 1370 gladii.
334 1306 562 1348 Aversa:
595 1317 718 1352 PAR.
751 1318 871 1350 ne.
901 1305 1038 1350 aviti
1064 1316 1152 1350 Do,
1184 1312 1268 1349 ιτ.
1316 1313 1377 1348 sl.
1421 1313 1501 1349 co,
1570 1321 1577 1331 ,

122 1385 267 1452 1648.
305 1382 527 1450 Deipara
555 1395 798 1433 coronata
823 1381 1006 1432 sedens
1037 1386 1224 1449 amictu
1268 1380 1505 1449 hungari*

119 1482 182 1515 co
201 1502 217 1524 ‚
248 1463 300 1514 d.
336 1476 477 1514 tenet
508 1463 737 1515 Jesulum
765 1468 1087 1533 pomigerum
1108 1501 1124 1522 ,
1154 1483 1193 1514 s.
1226 1477 1502 1532 sceptrum.

121 1546 223 1598 Sub
246 1545 471 1618 »pedibus
498 1547 636 1602 luna;
673 1546 803 1595 infra
834 1546 965 1595 hanc
999 1548 1233 1613 parmula
1259 1558 1510 1596 coronata.

120 1624 292 1694 Hung.
328 1627 497 1692 Siglae
523 1627 587 1675 N.
614 1627 675 1685 Β,
714 1632 845 1677 Aur.
875 1631 1032 1690 simpl.
1069 1630 1248 1675 ibidem
1281 1646 1330 1677 n.
1358 1646 1408 1691 5.
1446 1626 1504 1690 6)

120 1709 179 1758 In
209 1715 462 1770 argenteis
505 1708 733 1769 ejusdem
765 1713 982 1757 monetis
1011 1709 1296 1758 uncialibus
1337 1721 1387 1757 et
1427 1727 1506 1758 se·

123 1791 465 1840 muncialibus
514 1789 709 1838 formae
763 1776 1043 1855 rotundae⁴,
1083 1794 1171 1841 vel
1221 1790 1505 1857 quadratae

121 1890 238 1940 pars
269 1873 437 1920 antica
465 1871 669 1921 exhibet
693 1871 984 1939 Principem
1013 1873 1316 1934 barbatum,
1362 1875 1504 1941 pileo

125 1957 331 2003 cristato
378 1965 603 2012 tectum,
656 1954 959 2013 loricatum,
1017 1953 1194 2004 dextra
1242 1953 1504 2005 tenentem

123 2046 379 2104 sceptrum
413 2035 627 2084 humero
663 2034 960 2096 admotum,
1001 2053 1116 2086 cum
1166 2037 1504 2107 perigraphe:

127 2132 282 2166 enon.
317 2131 404 2165 ΒΑ.
437 2132 592 2189 ¹³·2‘3·
635 2132 681 2165 P.
727 2132 773 2164 τ.
816 2118 903 2167 vel
947 2119 1177 2186 pleniust
1243 2133 1508 2170 eronelvs

126 2211 342 2248 numen.
374 2213 426 2244 D.
459 2207 506 2244 e.
539 2209 796 2247 Pssiucssps
829 2214 1019 2248 rRAns.
1056 2202 1111 2249 In
1138 2218 1345 2250 aversa:
1383 2218 1507 2252 ΡΑκ.

126 2293 248 2327 nze.
279 2295 406 2328 nvn.
435 2294 574 2327 nom.
610 2293 675 2326 Ετ
710 2291 803 2328 sle.
828 2294 958 2328 coM.
988 2279 1166 2331 addito
1202 2298 1354 2342 anno.
1386 2286 1508 2332 Scu-

127 2371 235 2408 tum
263 2371 603 2427 coronatum,
639 2360 692 2407 in
720 2375 820 2424 quo
853 2372 968 2410 sunt
996 2362 1220 2430 Insignia
1252 2350 1505 2414 Rakocia-

126 2455 195 2489 na
227 2443 340 2503 cum
368 2438 776 2491 Transilvanicis
813 2447 967 2492 variis
993 2443 1162 2494 modis
1210 2449 1404 2508 mixta3
1453 2456 1507 2498 et

128 2519 285 2587 siglae
319 2519 384 2569 N.
423 2521 484 2570 Β.
527 2523 613 2572 vel
660 2524 805 2573 aliae.
875 2522 1095 2574 Easdem
1148 2527 1507 2595 inrcriptiones

128 2616 188 2649 ac
213 2611 364 2667 typos
391 2599 579 2651 habent
604 2605 847 2654 Monetae
882 2607 1092 2670 Georgii
1121 2605 1204 2655 II.
1235 2622 1323 2656 seu
1344 2609 1506 2671 junio-

128 2685 194 2731 ris
226 2680 431 2728 Rakoci
459 2684 523 2732 ab
551 2700 685 2745 anno
726 2685 869 2749 1649.
898 2687 964 2736 ad
1018 2691 1161 2740 1660.
1203 2679 1505 2739 Transilva‹

129 2764 243 2813 niae
269 2761 530 2830 Principis.
573 2768 717 2830 Confi
748 2770 808 2815 P.
860 2770 938 2816 II.
982 2771 1141 2819 Catal.
1187 2789 1237 2833 p.
1280 2773 1499 2835 51—56.

197 2842 323 2894 Pars
359 2842 471 2896 ΙΙΙ.
1225 2850 1271 2899 Ο
