1690 3016
205 173 300 226 332
707 170 1084 216 mooe-4·

203 267 489 334 Hungariae
533 270 747 326 utimur,
798 271 1097 318 communiri
1147 271 1407 334 jussimus,
1458 278 1573 336 post

206 365 383 397 earum
419 350 658 398 lecturam
687 367 886 418 semper
910 348 1187 398 reddantur
1215 352 1575 416 praesentanti.

204 431 391 480 Datum
424 430 599 480 Budae
629 435 676 480 in
720 431 848 481 festo
899 431 1038 481 Beati
1083 429 1320 497 Gregorii
1374 429 1574 499 Papae,

205 513 357 563 Anno
425 514 635 564 Domini
701 515 983 564 Millesimo
1060 511 1577 582 Quadringentesimo
1621 544 1626 565 1

207 597 641 663 Quinquagesimo
673 594 842 644 Nono.

820 778 946 828 XVI
951 802 966 829 .’

209 937 327 986 1466.
359 938 481 979 Idem
514 937 610 978 Rex
632 937 810 985 “Judicn
844 948 886 979 et
934 939 1101 979 juratis
1150 936 1327 977 civibus
1370 937 1580 979 Civitatis

319 1007 646 1047 Cremna-ensis
667 1006 1240 1058 1n211dat,utconeregatos
1272 1004 1326 1045 de
1356 1005 1581 1059 probaCi-

320 1079 455 1116 menti
475 1075 665 1116 florenos
701 1070 798 1116 aur'i
829 1088 981 1116 omnes
1009 1075 1088 1115 sub
1109 1088 1292 1116 numero
1319 1075 1495 1115 tradant
1512 1075 1584 1115 Jo-

314 1144 451 1184 hanni
480 1144 608 1184 Ernst
631 1144 933 1191 Thesaurario
966 1145 1121 1197 Regio.

342 1277 450 1327 Nos
479 1270 774 1329 MATTmAs
814 1281 907 1329 Dei
941 1279 1117 1328 Gratia
1136 1279 1248 1328 Rex
1279 1279 1584 1346 Hungariae,

206 1359 528 1429 Dalmatiae,
566 1360 827 1420 croatiae,
900 1360 1061 1409 Vobis
1118 1358 1354 1408 fideiibus
1399 1364 1585 1409 nostris

208 1440 396 1499 Judici,
433 1453 482 1493 et
511 1441 692 1492 Juratis
715 1443 910 1492 civibus
931 1441 1160 1492 Civitatis
1190 1453 1392 1489 nostrae
1416 1433 1588 1489 Crem-

207 1526 425 1572 nicensis
466 1522 644 1572 harum
681 1527 808 1572 serie
841 1524 1051 1572 firmiter
1081 1518 1414 1572 mandamus.
1470 1539 1592 1588 qua-

207 1614 351 1652 tenus
404 1607 523 1653 visis
564 1603 915 1671 praesentibus
944 1619 1123 1651 omnes
1160 1603 1277 1651 ilios
1334 1603 1590 1660 florenos,

208 1699 334 1749 quos
374 1683 438 1733 de
470 1686 631 1752 proba
663 1683 883 1733 Cimenti
917 1702 1010 1750 per
1047 1695 1183 1731 certa
1215 1695 1447 1751 tempora
1473 1700 1590 1731 con-

207 1771 484 1832 gregastis,
525 1766 613 1814 sub
645 1766 872 1814 Numero
897 1763 964 1812 ad
1002 1781 1180 1814 manus
1213 1763 1402 1814 Fidelis
1435 1769 1593 1813 nostri

211 1851 400 1914 egregii
430 1846 677 1896 ,Iohannis
726 1847 876 1895 Ernst
907 1844 1059 1905 dare,
1113 1857 1160 1894 et
1208 1849 1462 1913 assignare
1501 1844 1593 1909 ‘de-

211 1928 411 1989 beatis3
450 1941 743 1996 praesentes
771 1939 971 1985 autem,
1009 1927 1140 1976 facta
1171 1930 1488 1976 restitutione
1505 1926 1593 1976 hu·
1627 1948 1629 1950 ·

205 2009 427 2075 jusmodi
464 2012 776 2060 florenorum
800 2046 814 2067 ‚
853 2006 993 2078 apud,
1025 2025 1115 2057 vos
1146 2025 1238 2074 pro
1293 2020 1461 2057 vestra
1518 2027 1593 2058 re-

207 2095 422 2156 servetis
459 2088 801 2157 expeditione.
842 2090 1029 2137 Datum
1063 2088 1242 2137 Eudae
1270 2086 1394 2137 feria
1420 2093 1593 2154 quin-ta

208 2175 448 2242 proxima
480 2185 597 2239 post
633 2172 819 2221 festum
847 2171 908 2220 Β.
940 2171 1211 2220 Michaelis
1241 2170 1304 2221 A.
1337 2171 1441 2221 Dni
1473 2158 1594 2222 Mil-

210 2256 392 2306 lesimo
446 2252 961 2323 Quadringentesimo
1031 2254 1355 2320 sexagesimo
1398 2254 1592 2314 Sexto,

212 2336 378 2403 Regni
422 2338 582 2385 nostri
622 2351 756 2384 anno
817 2333 995 2392 Non0,
1065 2331 1422 2383 Coronationis
1467 2351 1593 2384 vero

215 2415 419 2467 Tertio.
1459 2414 1462 2417 ’
