1690 3016
229 213 329 267 398
733 215 1111 269 *aimonem

226 331 336 370 met
368 320 507 388 apud
536 339 851 372 conceinens
885 322 1124 375 Officium
1177 327 1485 378 Montanum
1513 346 1609 400 pro

228 404 564 456 concedenda
602 407 750 457 solita
782 407 1088 467 Investitura
1137 393 1427 473 insinuent,
1479 418 1608 480 q'uae

228 488 351 554 ipsis
381 498 656 558 prompte,
701 501 750 540 et
782 489 970 556 absque
1008 490 1314 575 difficultate
1361 485 1613 544 concede-

227 579 343 628 tur3
383 571 502 633 quin
535 581 587 619 et
616 569 683 620 ad
715 589 918 631 casum,
970 590 1069 643 quo
1114 572 1404 624 authentice
1448 575 1613 643 legiti-
1687 584 1690 595 ‘

228 656 513 711 maverint,
551 672 605 703 se
647 671 710 704 ex
738 655 926 706 fodinis
960 656 1145 706 talibus
1198 649 1481 725 exiguum‚²
1525 669 1611 707 aut

227 734 425 784 nullum
459 736 658 785 lucrum
687 736 897 798 habere,
934 757 1030 806 pro
1057 736 1255 790 ratione
1277 743 1611 790 circumstan-

227 818 410 868 tiarum
467 821 589 884 ipsis
648 819 840 868 urbura
882 837 1083 887 quoque
1128 825 1179 871 in
1221 833 1360 882 toto,
1425 821 1520 891 vel«
1556 825 1609 871 in

228 905 375 966 parte
410 899 748 949 relaxabitur:
787 919 961 952 casum
994 907 1046 952 in
1102 906 1409 954 contrarium
1451 901 1611 953 iidem
1668 928 1673 933 ·

228 982 548 1048 praescripto
583 979 799 1031 Articuli
836 997 913 1045 ¹9·
954 999 1098 1050 1574.
1138 983 1330 1035 Actore
1345 985 1495 1035 Fisco
1513 983 1611 1032 Re-

227 1064 312 1126 gio
345 1065 395 1111 in
431 1065 508 1127 jus
539 1064 890 1123 vocabunt-ur,
929 1077 979 1115 et
1022 1066 1190 1116 taliter
1234 1065 1356 1135 Jura
1396 1065 1611 1132 Regalia

227 1143 291 1192 ab
319 1143 748 1203 involationibus
787 1158 835 1196 et
859 1149 1271 1215 usurpationibus
1293 1140 1614 1216 privatorum

230 1228 442 1275 omnino
475 1225 891 1276 vindicabuntur.

366 1309 533 1376 Quam
564 1309 625 1358 B.
657 1308 1045 1358 Resolutionem
1074 1309 1289 1376 Regiam
1321 1284 1613 1376 praetitula-

227 1391 291 1437 tis
319 1389 761 1438 Dominationibus
789 1385 969 1438 vestris
997 1392 1098 1439 fine
1125 1391 1224 1439 illo
1245 1389 1384 1439 hisce
1412 1391 1614 1438 intimat

199 1472 201 1474 ’
230 1450 511 1521 Consilium
546 1470 682 1520 istud
710 1471 928 1538 Regium
947 1458 1464 1530 'Locumtenentiale‚
1495 1485 1615 1535 qua-

230 1564 377 1602 tenus
412 1549 626 1601 eandem
661 1570 756 1620 pro
806 1564 981 1601 exacta
1035 1552 1421 1617 observatione
1442 1555 1493 1600 in
1538 1552 1613 1598 sui

231 1636 430 1698 gremio
463 1640 780 1700 quantocyus
809 1633 1068 1702 publicam
1100 1632 1318 1683 reddere
1358 1634 1613 1689 noverint.

231 1715 422 1766 Datum
458 1732 520 1764 ex
551 1715 777 1765 Consilio
813 1715 976 1782 Regio
993 1707 1614 1766 LocumtenentialiHun-

231 1799 404 1864 garico
445 1795 652 1846 Posonii
703 1795 786 1845 die
844 1799 1014 1861 quinta
1060 1797 1250 1843 mensis
1296 1786 1613 1843 Novembris

234 1878 387 1927 Anno
419 1851 700 1928 Millesimo
738 1879 1202 1945 Septingentesimo
1247 1873 1612 1940 Octuagesimo

233 1962 408 2020 Primo
442 1960 717 2009 celebrato,
801 1946 1242 2008 Praetitul'atarum
1291 1957 1616 2004 Dominatio-
1685 2023 1687 2025 Ι

235 2059 357 2096 num
383 2056 670 2094 vestrarum
704 2040 770 2092 ad
809 2040 994 2091 Officia
1034 2041 1355 2108 paratissimi.

866 2203 923 2253 C.
961 2200 1184 2254 Joan'nes
1215 2199 1390 2268 Csaky
1409 2218 1540 2268 mpr.

857 2296 1155 2348 Ludovicus
1202 2297 1365 2346 Boros
1408 2294 1540 2363 m'pr.
