1690 3016
185 202 288 249 390
687 187 1066 234 «honam-

185 292 571 342 distractionem
605 291 845 342 notabilis
878 294 1088 340 omnino
1118 293 1371 359 pecuniae
1401 295 1482 342 vis
1515 296 1569 344 in

184 377 425 443 Regnum
455 378 656 433 influit,
728 388 776 425 et
821 379 1105 444 generatim
1159 391 1346 446 nervus
1392 391 1564 426 rerum

181 458 522 525 gerendarum
557 476 671 507 cum
701 469 856 508 status
882 457 1077 526 publici
1105 460 1426 509 incremento
1463 472 1567 508 non

182 540 516 589 mediocriter
550 553 779 607 augetur.

319 623 428 671 Hac
469 623 533 670 de
567 639 712 672 causa
741 640 859 671 suae
890 623 1176 687 Majestatis
1202 622 1567 670 sacratissimae

181 703 612 754 Praedecessores
652 706 945 772 Hungariae
986 704 1155 772 Reges
1185 706 1288 769 jam
1332 703 1394 757 ab
1440 703 1567 751 olim

181 786 383 836 fodinas
412 805 615 855 semper
656 805 752 855 pro
814 780 1065 855 peculiari
1109 787 1275 854 Regni
1326 786 1564 836 thesauro

180 868 453 930 habendo,
491 887 594 919 non
624 867 782 918 modo
834 866 1041 918 easdem
1085 875 1347 934 tamquam
1369 867 1566 935 Regale
1588 885 1618 922 ἢ
1650 885 1655 893 ²

124 1005 133 1015 .
184 949 339 999 solius
375 962 540 1000 terrae
575 950 854 1019 Principis,
893 949 985 1000 sed
1012 962 1062 999 et
1086 948 1195 1013 Jus,
1229 949 1368 1000 bona
1396 953 1569 1017 priva-

179 1047 351 1084 torum
383 1039 639 1085 minei-osa
662 1053 781 1103 erga
813 1034 1047 1086 dandum
1070 1035 1400 1103 aequivalens
1431 1051 1566 1084 cam·

168 1116 389 1177 biandi,
427 1129 483 1173 et¹
508 1116 618 1167 Juri
647 1117 811 1186 Regio
849 1115 1146 1187 applicandi
1170 1120 1312 1182 juxta
1362 1116 1568 1166 Articu-

180 1197 259 1248 los
298 1214 374 1261 13.
414 1210 559 1262 1351.
590 1210 640 1248 et
678 1212 752 1262 13.
827 1196 1143 1266 Sigismundi
1172 1199 1381 1248 Decreti
1410 1201 1566 1259 tertii,

183 1279 249 1331 de
284 1297 418 1330 anno
455 1294 601 1344 1405.
636 1294 718 1341 49.
754 1284 895 1336 1486.
929 1291 1017 1340 30.
1055 1296 1380 1342 1492.——39.
1421 1295 1564 1342 1523.

180 1362 409 1426 aliasque
456 1361 647 1429 Regni-¹
669 1361 807 1428 leges
851 1377 947 1429 pro
991 1377 1045 1408 se
1102 1377 1343 1427 expresse
1397 1377 1564 1409 reser-

179 1453 386 1492 varunt.

313 1525 391 1573 Ex
420 1522 706 1589 cujusmodi
735 1522 932 1590 legibus
966 1521 1022 1570 id
1050 1539 1251 1588 quoque
1277 1521 1581 1571 luculenter·

180 1608 398 1659 eruitur:
461 1604 600 1670 quod
643 1604 732 1655 Jus
780 1603 1077 1662 fodinarum
1145 1604 1395 1653 culturam
1443 1619 1582 1669 erga‘

178 1692 579 1757 praestationem
611 1686 844 1738 Urburae
864 1690 971 1736 sive
1003 1689 1102 1753 ipsi
1129 1680 1298 1736 Fundi
1314 1685 1564 1747 Domino,

132 1801 140 1812 ,-
181 1774 291 1818 sive
320 1786 446 1818 vero
485 1779 727 1819 extraneo
762 1772 922 1819 cuivis
952 1778 1056 1819 tam
1085 1770 1138 1816 in
1169 1765 1424 1834 publicis,
1472 1783 1560 1816 seu

180 1853 459 1920 regalibus3
478 1869 629 1917 quam
661 1862 710 1902 et
728 1855 1045 1920 privatorum
1062 1849 1211 1899 bonis
1241 1846 1562 1898 concedendi

178 1935 358 1986 itidem
393 1935 491 1984 soli
513 1934 710 1999 Regiae
735 1934 997 1997 Majestati
1014 1939 1297 1997 competat,
1333 1939 1460 1977 teste
1487 1932 1564 1979 in-

178 2019 332 2064 terim
366 2018 717 2082 experientia,
756 2014 955 2064 cultura
988 2011 1117 2062 haec
1146 2010 1440 2060 fodinarum
1470 2026 1562 2077 pu-

177 2096 317 2146 blico
346 2095 478 2145 adeo
511 2096 646 2148 utilis
711 2113 766 2145 er
795 2093 1069 2145 nonnullos
1115 2097 1344 2161 privatos
1379 2095 1561 2161 Domi·

176 2194 271 2228 nos
305 2189 572 2228 terrestres
608 2113 711 2227 ηοξ]
1500 2162 1534 2166 Η

175 2264 348 2327 potius
378 2278 440 2308 ex
470 2277 684 2325 erronea
722 2258 975 2323 ejusmodi
1006 2262 1280 2326 opinione,
1315 2260 1455 2323 quasi
1486 2258 1558 2306 fo-

178 2341 333 2391 dinae
353 2383 367 2406 ,
407 2353 455 2391 et
486 2345 709 2391 minerae
742 2345 876 2391 inter
894 2338 990 2394 alia
1026 2341 1273 2389 beneficia
1293 2351 1555 2389 terrestra·

175 2426 245 2474 lia
277 2425 340 2474 ad
369 2424 511 2474 fundi
543 2441 891 2492 possessorem
918 2426 1224 2490 pertinentia
1255 2421 1555 2470 referendae

175 2511 447 2569 venirent,
486 2519 637 2571 atque
664 2505 794 2555 adeo
822 2507 1120 2555 Dominium
1159 2505 1448 2554 terrestrale
1489 2501 1556 2554 ad

176 2586 266 2636 has
305 2606 505 2653 quoque
533 2600 694 2637 semet
725 2586 1041 2650 extenderet,
1084 2587 1240 2634 variis
1268 2584 1435 2645 *modis
1467 2587 1557 2644 im-

130 2667 133 2671 ’
173 2666 409 2738 peditur,
447 2687 504 2718 ac
530 2669 613 2717 alii
645 2666 851 2735 quidem
868 2667 1177 2716 Urburarios
1207 2669 1260 2714 in
1286 2668 1554 2714 territoriis

100 2775 104 2793 ι
174 2755 405 2821 ipsorum
456 2766 615 2804 venas
681 2753 993 2802 minerarum
1051 2751 1408 2818 perquirentes
1427 2783 1443 2810 ,
1506 2756 1555 2795 et

741 2175 898 2226 modo
924 2194 1027 2226 non
1058 2187 1414 2245 promovetur,
1435 2179 1558 2241 quin
1685 2194 1690 2203 ’
