1690 3016
149 170 250 224 ,378
393 152 398 158 ⁴·
651 168 1029 216 *th-&0004-

144 287 357 322 unserer
390 269 585 321 Reiche
619 269 709 322 des
729 270 1043 323 R'o‘mischen
1079 270 1148 324 im
1166 279 1532 348 zwanzigsten‚

143 351 251 402 und
290 350 382 402 der
410 351 640 402 anderen
676 356 748 403 im
779 354 1384 425 Vierundzwanzigstent
1450 398 1451 401 η

731 525 958 605 xxxv,

149 667 270 713 1551.
329 656 457 698 Idem
482 656 584 698 Rex
617 657 804 699 mandat
835 639 1006 713 sentem
1037 659 1311 702 Civitatibus
1350 660 1535 703 Monta-

181 760 183 763 Α
258 726 363 779 nis,
394 734 445 766 ut
474 727 666 768 Moneta
708 727 966 781 Hungarica
1006 726 1247 770 Cremnicii
1293 743 1397 772 cusa
1436 737 1532 772 tam

257 802 389 835 vetus
432 808 569 849 quam
601 809 720 836 nova
747 796 899 838 ubivis
930 806 1220 854 acceptetur-⁴

282 919 677 986 Fnssommovs
711 917 886 973 divina
905 921 1111 973 favente
1142 923 1415 976 elementia
1430 924 1536 976 Ro-

149 1007 454 1062 manorum,
515 1001 807 1070 Hunga-riae
828 1045 843 1067 ‚
913 990 1197 1055 Bohemiae
1255 1005 1357 1058 &m
1410 996 1541 1069 ,Rex

147 1090 356 1151 semper
390 1085 647 1157 Augustus
666 1122 681 1145 ,
718 1085 889 1136 Infans
922 1086 1282 1155 Hispaniarum
1303 1124 1320 1149 ,
1351 1087 1537 1138 Archi-

152 1164 255 1214 dux
284 1160 555 1225 Austriae*,
591 1167 709 1217 Dux
741 1167 1073 1236 Burgundiae
1105 1180 1202 1218 cet.
1274 1166 1539 1220 Fidelibus

150 1244 360 1311 Nostris.
385 1247 759 1317 prudentibus,
817 1262 868 1300 et
909 1253 1294 1318 circumspectis
1337 1248 1539 1308 Judici,

152 1342 200 1380 et
234 1333 411 1395 juratis
442 1316 651 1380 Civibus
690 1343 889 1399 septem
929 1331 1205 1383 Civitatum
1248 1341 1538 1388 nostrarum

146 1415 511 1464 Montanarum
544 1415 804 1474 Salutem,
846 1425 895 1463 et
924 1418 1160 1481 gratiam.
1198 1408 1542 1481 Intelligimus

151 1493 292 1559 apud
330 1512 425 1545 vos
455 1506 689 1545 veterem
741 1506 1000 1547 monetam
1051 1494 1419 1564 hungaricam,
1488 1497 1540 1546 in

147 1575 365 1625 Camera
398 1587 569 1626 nostra
600 1575 966 1627 Cremniciensi
1003 1591 1197 1635 cusam,
1218 1590 1540 1643 nequaquam

147 1662 202 1708 in
232 1660 456 1726 pretium
489 1660 821 1723 victualium,
859 1669 910 1707 et
940 1657 1153 1725 aliarum
1185 1674 1356 1708 rerum
1380 1654 1565 1720 ‘vena-¹

150 1740 277 1790 lium
309 1745 499 1810 recipi,
538 1736 676 1791 unde
707 1752 813 1792 tum
849 1744 900 1791 in
934 1746 1108 1793 castris
1143 1744 1360 1801 nostris,
1407 1757 1536 1809 quae

150 1840 285 1874 nunc
326 1825 518 1888 aliquot
555 1823 725 1891 Regni
760 1826 918 1875 nostri
940 1825 1067 1875 locis
1086 1824 1152 1874 ad
1178 1824 1536 1875 defensionem

150 1907 401 1965 Ditionis,
466 1904 797 1975 fideliumque
850 1918 1139 1958 nostrorum
1177 1909 1344 1976 posita
1381 1917 1536 1958 sunt·

151 1999 258 2041 tum
298 1991 449 2037 etiam
484 1987 615 2053 alibi>
637 1991 687 2039 in
719 1992 823 2037 istis
855 1988 1159 2039 Civitatibus
1212 1988 1401 2038 nostris
1435 2003 1539 2034 ma-

153 2073 239 2136 gni
271 2086 425 2139 saepe
472 2073 523 2122 in
572 2070 973 2128 commeatibus,
1039 2081 1089 2120 et
1120 2046 1228 2116 aliis
1277 2066 1428 2119 rebus
1467 2063 1535 2116 ad

153 2152 506 2219 quotidianum
536 2169 681 2206 usum
720 2155 1019 2204 necessariis
1056 2154 1350 2215 contingant
1397 2147 1538 2199 def'e·
1596 2171 1598 2173 ·

100 2235 102 2237 ’
152 2221 280 2289 ctus.
353 2236 483 2287 Cum
509 2247 686 2285 ‘autem
715 2239 766 2284 in
795 2247 1058 2303 postremo
1091 2233 1387 2285 Posoniensi
1408 2229 1541 2279 Con-

151 2328 312 2366 ventu
349 2317 611 2371 decretum
639 2321 732 2376 sit,
770 2328 822 2366 ut
840 2318 1053 2366 Moneta
1072 2320 1131 2366 'in
1170 2312 1536 2368 dictaCamera

154 2411 325 2452 nostra
356 2399 724 2453 Cremnieiensi
754 2402 885 2453 cusa‘
908 2410 1014 2451 tam
1034 2403 1197 2458 vetus,
1216 2393 1367 2463 quam
1394 2411 1533 2449 nova

85 2532 90 2538 ,
154 2486 206 2537 in
241 2482 478 2533 omnibus
510 2483 678 2550 Regni
710 2486 869 2534 nostri
901 2483 1129 2554 partibus
1164 2485 1215 2533 in
1247 2497 1339 2532 usu
1366 2482 1444 2538 sit,
1484 2488 1536 2529 et

154 2563 338 2619 eadem
372 2569 565 2615 ratione
592 2582 685 2635 pro
711 2565 951 2621 omnibus
968 2563 1116 2613 rebus
1145 2561 1412 2611 venalibus
1440 2559 1534 2611 sub.

153 2662 324 2717 poena
367 2650 652 2711 amissionis
683 2664 851 2696 rerum
883 2650 1108 2713 ipsarum
1138 2643 1403 2693 venalium
1429 2642 1538 2693 ubi«

154 2742 252 2797 que
282 2731 576 2799 accipiatur-3
615 2731 1011 2793 committimuS,
1047 2737 1096 2777 et
1118 2724 1421 2784 mandamus
1448 2740 1541 2776 vo·
