1644 3022
218 178 282 228 58
716 179 1088 228 wenc-{n-

215 278 486 342 superioris
525 292 739 345 nempe,
775 290 825 328 et
848 279 1129 345 inferioris,
1164 283 1370 338 actione>
1398 281 1567 331 simul-

213 366 360 404 tanea
385 366 533 425 typos
563 361 794 422 aquirunt
814 361 866 408 in
883 368 1091 426 utraque
1114 371 1259 428 parte
1278 365 1568 429 prominen-

214 447 290 487 tes
312 466 327 496 ,
361 440 466 487 sine
500 438 796 490 cavitatibus
844 439 1220 502 characterum,
1266 429 1566 509 vel-sigum<

212 529 326 568 rum
353 520 637 570 alterutrius
683 518 845 590 faeiei.
925 521 996 573 At
1039 539 1163 573 vero
1210 527 1261 573 in
1304 524 1572 583 bracteatis

213 595 555 651 bilateralibus
582 605 746 652 sancti
773 603 1002 652 Ladezelat
1024 603 1235 665 NumiS,
1277 615 1478 673 praeter
1513 607 1570 660 fi-

212 698 362 748 guras
392 685 622 746 utrinque
639 686 1002 750 prominentes,
1038 687 1090 733 in
1104 696 1247 752 parte
1279 699 1454 742 aversa
1481 685 1570 742 ob:

210 773 472 811 servantur
499 764 645 813 simul
676 767 888 831 vestigia
906 769 1081 815 incusa
1101 801 1117 825 ,
1154 782 1371 832 cavaque
1401 767 1566 819 litera-

213 859 344 906 rum,
383 854 432 892 et
454 844 729 910 figurarum
756 847 910 913 partis
939 845 1202 896 adversae.
1242 848 1471 914 Quanam
1506 846 1559 896 id

211 935 317 972 arte
350 923 534 974 factum
573 929 664 989 sit,
700 929 954 990 inquirant
992 929 1188 976 curiosi.
1222 925 1568 986 Mihividen-

211 1014 292 1053 tur
327 1004 534 1072 idgenus
565 1005 719 1057 Numi
750 1010 925 1073 signati
952 1006 1102 1056 fuisse
1133 1016 1225 1075 per
1249 1013 1568 1077 compositi&

209 1101 329 1134 nem
358 1084 572 1136 duorum
602 1090 920 1155 typariorum
951 1090 1319 1153 inaequalium,
1353 1098 1590 1154 quorum'

210 1165 425 1214 alterum
457 1166 551 1215 fuit
576 1179 801 1217 recenter
828 1167 1035 1228 factum,
1071 1169 1284 1218 alterum
1312 1187 1434 1220 vero
1463 1172 1566 1234 jam

209 1246 299 1295 sub
322 1246 542 1314 Regibus
573 1248 1000 1315 praecedentibus⁴
1028 1261 1276 1316 paratum.
1311 1250 1460 1301 Nova
1489 1261 1567 1315 ty·

207 1330 348 1394 paria
375 1344 490 1376 cum
521 1340 682 1378 essent
704 1328 1002 1395 profundius
1026 1329 1291 1395 insculpta,
1317 1329 1573 1390 majorem¹

207 1411 344 1467 vim,
380 1418 429 1459 et
458 1404 734 1457 efficaciam
766 1407 1020 1460 habebant
1042 1413 1095 1458 in
1120 1409 1285 1458 sliteris
1317 1418 1364 1455 et
1389 1408 1562 1473 figuris

207 1493 273 1540 ita
303 1493 355 1538 in
384 1500 524 1556 parte
560 1493 752 1539 antica*
771 1489 1144 1557 exprimendis,
1193 1500 1251 1539 ut
1293 1486 1565 1542 earundem

206 1574 416 1636 vestigia
448 1586 574 1620 cava
591 1573 850 1638 vorirentur
875 1573 926 1619 in
956 1573 1187 1639 opposita
1216 1579 1360 1636 parte
1377 1567 1568 1623 Nume-

207 1670 321 1711 rum
374 1651 776 1719 bracteatorum,
827 1652 992 1716 qualia
1038 1668 1141 1705 non
1181 1651 1471 1702 oriebantur
1503 1666 1567 1700 ex

205 1733 536 1798 impressione
574 1735 913 1796 antiquiorum
959 1723 1312 1800 typariorum,
1366 1745 1461 1796 pro
1500 1731 1561 1781 si·

205 1811 415 1882 gnandis
439 1817 627 1875 aversis
645 1812 1003 1872 adhibitorum,
1021 1814 1258 1876 quoniam
1281 1802 1404 1858 haec
1420 1820 1562 1861 erant

131 1920 135 1925 ·
206 1888 361 1963 longo
391 1898 496 1961 jam
528 1911 621 1950 usu
653 1889 850 1954 attrita,
885 1897 1147 1957 minusque
1176 1906 1369 1957 aspera.
1403 1891 1561 1958 Igitur

208 1965 326 2028 sola·
347 1994 463 2045 pars
492 1993 671 2026 aversa
707 1975 917 2043 idgenus
951 1974 1244 2026 cavitatibus
1286 1971 1437 2021 fiebat
1475 1970 1561 2020 de-

206 2058 411 2119 formis:
447 2056 582 2107 Cura
606 2059 742 2115 enim
767 2056 1045 2124 elegantiae
1061 2065 1377 2111 monetarum
1399 2056 1450 2102 in
1474 2068 1564 2128 po-

208 2144 402 2193 stremis
431 2140 594 2191 fuerat
625 2141 715 2192 illo
743 2157 889 2190 aevo.
923 2165 990 2174 -—-
1026 2138 1128 2189 Res
1150 2137 1278 2188 aliae
1310 2139 1363 2191 in
1393 2152 1563 2186 mone·

206 2226 268 2271 tis
304 2221 608 2272 S.>Ladislai
645 2232 926 2282 memoratu
970 2219 1152 2287 dig-nae
1193 2228 1310 2277 sunt
1356 2233 1562 2281 sequen-

207 2317 309 2354 tes..
333 2304 543 2371 Figurae
581 2315 778 2362 tantum
807 2306 858 2353 in
880 2304 1046 2359 antica
1090 2299 1314 2362 variant,
1359 2302 1474 2362 quia
1506 2302 1559 2348 in

207 2395 348 2452 parte
382 2400 557 2435 aver-sa
591 2388 832 2435 retinetur
862 2386 1088 2447 antiquus
1122 2392 1273 2448 typus
1300 2378 1473 2428 Crucis
1511 2389 1560 2428 et

127 2516 129 2519 ,
209 2477 422 2531 quatuor
451 2466 832 2533 triangulorum.
881 2464 1057 2527 Itaque
1075 2460 1139 2510 de
1180 2464 1345 2514 antica
1387 2475 1562 2508 numo-

208 2565 321 2597 rum
351 2561 490 2616 parte
520 2547 808 2614 loquend0‚
845 2556 960 2602 sunt
1002 2542 1052 2606 1)
1087 2546 1138 2592 in
1167 2543 1348 2607 quibus
1379 2551 1452 2591 est
1468 2540 1559 2595 Ca·
1606 2547 1610 2550 ⁴

209 2640 300 2696 put
339 2640 628 2679 coronatum
661 2627 911 2685 rudis-simi
938 2626 1138 2691 operiS,
1164 2624 1355 2673 circuio
1381 2637 1560 2689 granu·

207 2709 312 2759 lato
342 2709 608 2768 incl-usum.
645 2707 700 2773 2)
733 2709 791 2757 In
813 2706 933 2763 ,aliis
964 2714 1078 2754 sunt
1105 2714 1204 2753 tres
1227 2701 1431 2766 Cruces,
1461 2717 1562 2751 me·
